1930 3172
390 231 478 275 1³6
869 242 962 275 κιο.
994 241 1220 274 ‘rnivs-ri‘
1252 195 1284 227 ἰ

388 346 513 404 qnod
543 348 749 404 pecuniae
779 348 867 390 sibi
902 343 1061 391 'antea
1086 332 1391 391 commodatus
1423 345 1596 390 solutio
1617 345 1666 390 in

390 413 581 458 nihilum
628 414 919 466 defluxisset,
958 414 1052 458 dux
1098 427 1202 458 cum
1246 413 1436 457 Francis
1471 412 1571 456 suis
1605 411 1668 456 ab

392 481 625 525 Ascalone
651 481 892 525 discedens
927 482 1132 537 perrexit
1162 481 1208 524 in
1235 480 1428 531 Achon;
1463 478 1541 523 ubi
1562 491 1668 523 cnm

393 548 590 592 Pisanos
623 555 672 591 et
707 547 971 592 Januenses
1007 549 1292 591 invenissent
1329 547 1523 591 invicem
1560 558 1668 591 con-

391 615 621 669 fligentes,
658 615 705 658 in
748 615 974 658 auxilium
1007 614 1335 667 Januensium,
1369 615 1449 670 qui
1487 618 1667 669 partem

392 682 615 725 Marchisi
652 681 882 733 zelabant,
925 695 977 724 se
1013 682 1268 725 conserunt.
1356 680 1514 724 Pisani
1554 691 1668 724 vero

390 748 697 803 praevalentes
738 760 818 791 eos
855 761 886 791 a
924 749 1115 792 civitate
1156 747 1470 798 excluserunt,
1509 752 1669 803 portas

389 815 493 871 ejus
524 815 716 858 firmiter
742 815 1028 858 obserantes.
1116 814 1225 868 Quo
1251 814 1504 858 adveniens
1537 813 1668 858 Mar·

391 882 563 934 chisus,
601 894 705 924 cum
739 881 898 924 urbem
943 881 1091 924 tribus
1130 881 1292 924 diebus
1334 885 1670 936 oppugnasset,

389 948 549 992 audito
572 947 696 1004 quod
726 961 809 991 rex
836 947 1067 991 Ricardns
1097 961 1126 991 a
1158 946 1343 990 Pisanis
1366 952 1563 991 vocatus
1589 946 1670 991 ad-

391 1017 587 1067 veniret,
620 1027 831 1058 reversus
858 1020 930 1058 est
956 1014 1148 1071 Tyrum.
1220 1014 1493 1058 Reformata
1513 1018 1669 1058 autem

393 1095 507 1138 pace
534 1083 656 1125 inter
683 1081 883 1125 Pisanos
906 1088 954 1125 et
975 1081 1255 1132 Januenses,
1287 1094 1369 1124 rex
1394 1086 1443 1125 et
1466 1079 1672 1125 Marchi-

390 1162 471 1191 sus
494 1162 555 1192 ex
584 1149 798 1192 condicto
832 1148 890 1191 ad
920 1144 1185 1191 ²castellum
1221 1147 1413 1191 Imber-ti
1444 1159 1671 1191 convene-

393 1222 500 1259 runt
545 1216 602 1258 ad
649 1215 958 1271 colloquium;
1011 1216 1088 1258 ubi
1137 1228 1241 1258 cum
1290 1214 1543 1258 monuhset
1583 1226 1667 1258 mx

395 1282 696 1334 Marchisum,
722 1288 775 1325 ut
803 1282 861 1325 ad
890 1283 1116 1325 unitatem
1145 1281 1378 1325 exercitus
1405 1280 1590 1333 rediret,
1620 1286 1670 1325 et

385 1349 577 1405 juvaret
609 1349 853 1405 adquirere
892 1362 1083 1403 regnum
1121 1348 1180 1392 ad
1219 1348 1343 1404 quod
1384 1347 1670 1404 adspirabat,

393 1416 516 1472 quod
541 1422 588 1459 et
609 1415 651 1459 ei
675 1415 793 1458 alias
816 1428 899 1471 per
924 1415 1104 1471 legatos
1131 1429 1215 1458 rex
1246 1414 1564 1467 mandaverat,
1588 1426 1671 1458 no-

393 1482 560 1526 lentem
600 1483 935 1538 obtemperare,
978 1482 1036 1525 de
1070 1482 1265 1526 consilio
1304 1481 1549 1537 majorum,
1583 1481 1668 1525 ab·

384 1549 618 1605 judicavit
640 1563 669 1592 a
691 1549 825 1592 terris
857 1548 1168 1605 reditibusque
1192 1547 1443 1604 promissis.
1510 1546 1670 1592 Adve-

389 1617 543 1659 niente
563 1615 763 1667 Pascha,
778 1629 829 1659 se
848 1616 965 1659 velle
982 1615 1217 1659 discedere
1234 1615 1450 1658 dicebant
1469 1614 1666 1669 Francig

389 1697 507 1738 quos
530 1689 582 1726 ut
603 1683 796 1727 ulterius
823 1689 1127 1735 remanerent,
1159 1696 1242 1726 rex
1269 1681 1500 1725 Ricardns
1529 1680 1670 1725 nullis

391 1751 620 1805 precibus,
649 1746 805 1793 ⁸etiam
842 1749 1079 1805 promissis
1110 1749 1369 1805 stipendiis,
1405 1748 1558 1804 potuit
1589 1748 1670 1792 ob-

393 1817 554 1860 tinere.

173 1903 328 1930 τιιηιιη-
462 1882 519 1925 In
539 1882 832 1925 solemnitate
858 1882 1072 1926 Paschali
1102 1882 1350 1925 Saladinus
1378 1881 1436 1925 ad
1462 1881 1673 1925 Domini·

172 1937 359 1970 &¹⁸⁰⁹
393 1962 498 1992 cum
526 1949 715 1992 veniens
737 1962 787 1991 se
821 1949 996 1992 ulcrum
1047 1962 1151 1992 cum
1177 1948 1368 1992 vidisset
1387 1944 1500 1991 ⁴lam
1597 1961 1624 1991 e

175 1971 364 2064 iffa&
394 2016 553 2059 divino
591 2017 699 2070 igne
742 1962 947 2068 negandi,
993 1982 1039 2059 et
1075 2029 1157 2071 per
1197 2028 1300 2058 eum
1347 2016 1417 2058 bis
1459 1947 1671 2059 ειρῑῗιῗοῑῗ

398 2084 534 2126 tertio
553 2082 894 2133 accenderetur,
926 2083 1125 2126 assernit
1144 2082 1218 2125 vel
1242 2094 1293 2125 se
1315 2082 1362 2125 in
1383 2082 1511 2125 brevi
1533 2082 1671 2125 mori-

395 2155 566 2202 turum,
604 2149 678 2192 vel
719 2150 925 2193 civitatis
966 2156 1141 2193 sanctae
1184 2148 1435 2192 dominium
1479 2147 1672 2192 amissu-

394 2230 510 2259 rum.
571 2216 789 2260 Mortuus
805 2222 877 2260 est
895 2223 1050 2260 autem
1074 2216 1286 2273 proxima
1303 2215 1673 2271 Quadi-agesimo

391 2297 442 2326 se
476 2289 626 2327 uente.

177 2360 375 2394 Amen-mm
443 2297 579 2394 qPost
627 2350 810 2393 Pascha
855 2350 983 2393 venit
1027 2350 1084 2393 de
1131 2349 1304 2405 Anglia
1350 2350 1476 2405 prior
1520 2348 1672 2393 Here-

174 2394 349 2489 fflffi-
393 2417 633 2468 fordensis,
669 2417 837 2459 missus
872 2416 931 2459 ad
963 2429 1116 2472 regem
1150 2430 1233 2472 per
1254 2416 1539 2459 Willelmum
1570 2416 1671 2472 epi-

392 2497 581 2540 scopum
632 2483 861 2526 Eliensem
909 2484 1032 2538 regis
1067 2482 1412 2535 cancellarium,
1449 2483 1671 2527 nuntians

440 2636 448 2657 ⁸
472 2640 575 2672 ‘ante
591 2635 888 2679 accommodata?
913 2638 1012 2671 Mat
1030 2640 1033 2660 ὖ
1049 2635 1213 2677 sellum;’
1246 2638 1325 2671 (ὀᾶ.
1360 2638 1446 2679 Rq.
1476 2637 1545 2671 nd
1575 2634 1665 2671 ΠΛ.

388 2686 451 2718 Ar.
1028 2669 1233 2732 Jeemptly.

1026 2738 1030 2785 Ι
1093 2730 1107 2749 ⁸
1130 2733 1186 2763 ‘et
1201 2731 1224 2771 ;'
1240 2728 1332 2764 ΠΛ.

435 2777 447 2795 ²
468 2780 477 2797 ‘
492 2777 701 2818 castellum?
731 2779 814 2813 from
838 2779 904 2812 M:
930 2779 1029 2811 ἐν’
1096 2777 1107 2795 ⁴
1130 2778 1301 2819 ‘lapidem
1314 2775 1335 2817 ς’
1353 2778 1406 2811 M.
