1930 3172
407 196 497 240 2⁰⁰
884 211 980 244 κιο.
1005 212 1202 247 ‘rsivs-ri

194 322 330 349 nutu-d
413 313 531 356 versi
566 317 694 365 sunt,
729 327 845 370 quos
875 315 985 358 dum
1017 316 1299 373 insequitur]
1340 317 1596 364 Edwardus
1630 318 1692 364 ad

293 375 298 381 ’
412 386 612 435 quatuor
639 380 900 424 milliarium
926 383 1147 437 spatium,
1172 385 1494 437 gravissimam
1518 386 1691 431 caedem

412 446 664 498 inserendo,
698 461 727 491 a
760 447 937 505 reliquo
969 458 1213 505 separatus
1241 452 1450 495 exercitu
1478 451 1694 498 diminuit

413 513 555 557 robur
586 514 703 570 ejus.
777 515 967 559 Interim
1009 530 1118 559 vero
1164 518 1295 560 multi
1339 518 1396 562 de
1434 519 1534 563 acie
1572 519 1692 577 regis

413 580 552 623 occisi
582 588 708 632 sunt,
739 582 958 638 captique
988 597 1068 626 rex
1101 582 1407 636 Alemannioe‚
1434 582 1692 630 'Robertus

413 646 471 690 de
507 647 629 690 Brus
666 655 713 691 et
746 648 954 692 Joannes
988 649 1167 706 Comyn
1198 651 1277 707 qui
1313 651 1479 696 Scotos
1510 652 1692 697 addux-

195 723 375 784 ffioexwu·
414 719 572 756 erant.
606 727 687 756 rex
716 715 854 757 etiam
886 714 1121 759 Henricus
1152 716 1390 762 dextrario
1413 720 1516 776 ejus
1539 720 1693 764 occiso

196 793 330 824 „mon-2.
410 786 593 835 captus,
621 787 668 823 et
703 780 749 823 in
779 782 985 836 prioratu
1021 784 1238 838 apposita
1270 786 1484 830 custodia
1516 793 1589 830 est
1622 799 1691 830 re-

409 846 581 890 clusus,
665 846 898 891 Reversus
939 848 1195 892 Edwardus
1235 852 1368 905 gravi
1410 852 1571 908 proelio
1607 866 1692 897 ex·

409 914 595 969 cipitur,
639 913 947 971 fugeruntque
991 929 1145 959 comes
1183 912 1471 971 'Warennae‚
1515 918 1691 964 willel-

411 993 514 1022 mus
555 980 612 1023 de
655 980 903 1034 Valentiis,
949 982 1105 1026 Gnido
1148 983 1205 1027 de
1250 984 1482 1029 Lisiniaco
1523 985 1691 1031 fratres

411 1047 534 1102 regis
565 1049 749 1099 uterini,
787 1048 930 1104 Hngo
967 1050 1115 1105 Bigod
1149 1064 1252 1094 cum
1287 1051 1454 1096 militia
1486 1065 1593 1109 qum
1630 1053 1689 1097 ad

410 1114 775 1170 quadringentos
817 1111 1057 1160 ³loricatos
1110 1117 1367 1170 adscendit,
1413 1132 1575 1164 omnes
1628 1119 1691 1165 ad

410 1187 612 1224 castrum
638 1182 695 1224 de
720 1182 978 1226 Peuvensie
1003 1183 1259 1229 tendentes.

479 1247 595 1291 Cum
629 1255 783 1292 autem
817 1250 921 1293 hinc
955 1250 1060 1294 inde
1098 1252 1232 1295 multi
1264 1253 1564 1306 corruissent,
1596 1252 1692 1297 Ed-

412 1314 613 1366 wardus,
637 1315 794 1359 villam
812 1313 1061 1360 ⁴circniens
1091 1331 1195 1361 cum
1227 1324 1404 1374 patrem
1437 1332 1529 1363 non
1556 1320 1687 1364 inve-

412 1381 557 1426 nisset
582 1382 628 1424 in
657 1388 827 1435 castro,
857 1385 1110 1440 prioratum
1133 1385 1369 1440 ingressus
1398 1386 1608 1442 pervenit
1628 1386 1689 1431 ad

411 1461 532 1491 eum.
624 1448 816 1493 Interim
860 1450 972 1494 dato
1015 1451 1190 1495 insultu
1229 1452 1287 1495 ad
1322 1458 1544 1504 castrum,
1582 1466 1688 1498 cum

412 1515 576 1558 inclusi
621 1516 814 1560 viriliter
856 1531 907 1560 se
952 1517 1266 1570 defenderent,
1315 1519 1596 1564 subtrahunt
1637 1533 1690 1565 se

414 1582 626 1625 barones.
698 1582 969 1635 Edwardus‚
1011 1585 1206 1628 andacia
1242 1587 1547 1630 castrensium
1589 1587 1690 1631 ani-

414 1654 584 1700 matus,
628 1644 884 1694 recollectis
925 1651 1023 1694 suis
1063 1653 1229 1696 iterum
1282 1653 1429 1697 voluit
1470 1653 1688 1710 praeliari.

194 1730 256 1756 rt..
270 1730 343 1757 un·
481 1715 590 1768 Quo
640 1717 829 1772 cognito
884 1719 1107 1762 miserunt
1162 1719 1357 1763 barones
1411 1720 1690 1767 mediatores

194 1772 211 1790 ⁰
413 1782 559 1838 pacis,
609 1785 931 1838 promittentes
974 1786 1022 1829 in
1071 1787 1274 1830 crastino
1322 1787 1439 1830 velle
1479 1787 1538 1832 de
1574 1801 1690 1845 pace

413 1855 614 1893 tractare
658 1863 761 1894 cum
806 1851 987 1895 effectu.
1083 1852 1140 1895 In
1173 1854 1378 1896 crastino
1418 1853 1563 1908 igitur
1593 1853 1688 1900 dis·

412 1917 704 1959 currentibus
746 1918 867 1960 inter
909 1925 1066 1974 partes
1100 1919 1320 1963 fratribus
1359 1919 1688 1966 Praedicatori-

412 1982 498 2024 bus
525 1990 570 2025 et
605 1982 882 2036 Minoribus,
915 1986 983 2028 sic
1017 1991 1171 2029 actum
1206 1992 1291 2037 est,
1326 1993 1377 2031 ut
1405 1986 1520 2030 feria
1547 1994 1687 2033 sexta

410 2055 633 2105 sequente
681 2050 938 2094 Edwardus
976 2058 1023 2095 et
1071 2052 1305 2096 Henricus
1347 2066 1430 2109 pro
1478 2055 1688 2110 patribus

411 2116 525 2167 suis,
565 2118 750 2173 regibus
791 2118 977 2173 Angliae
1016 2125 1063 2162 et
1101 2118 1405 2171 Alemanniae,
1450 2133 1502 2163 se
1530 2122 1688 2168 comiti

410 2182 601 2239 Symoni
642 2185 875 2239 traderent
909 2186 996 2228 sub
1033 2199 1116 2242 spe
1155 2187 1324 2242 quietis
1363 2193 1409 2230 et
1442 2188 1586 2243 pacis,
1620 2189 1689 2234 ita

412 2256 463 2293 ut
502 2264 604 2293 cum
635 2251 964 2295 deliberatione
995 2259 1285 2305 tractaretur,
1322 2267 1428 2309 quae
1462 2255 1689 2310 provisio-

411 2330 518 2359 num
552 2324 598 2360 et
622 2324 900 2362 statutorum
926 2325 1082 2362 essent
1113 2334 1196 2376 pro
1227 2320 1428 2364 utilitate
1456 2321 1585 2377 regni
1618 2327 1687 2366 te·

410 2383 575 2434 nenda,
602 2391 649 2427 et
678 2398 783 2441 quae
812 2385 1038 2438 delenda;
1070 2393 1117 2430 et
1146 2386 1269 2442 quod
1300 2387 1483 2431 interim
1513 2389 1687 2446 captivi

409 2450 514 2493 hinc
547 2450 652 2494 inde
681 2452 855 2508 absque
886 2452 981 2495 ullo
1014 2452 1163 2508 pretio
1190 2453 1503 2499 redderentur.
1571 2455 1689 2500 Sab-

408 2517 520 2561 bato
553 2519 764 2574 sequenti
807 2532 889 2562 rex
925 2533 1096 2572 omnes,
1139 2522 1217 2576 qui
1251 2521 1339 2564 sibi
1377 2521 1688 2576 adhaeserant,

458 2663 466 2684 ¹
492 2666 685 2700 ‘nohenn-
712 2667 802 2701 um·
825 2669 886 2709 qui
910 2668 1029 2702 Sento·
1107 2666 1122 2688 ⁸
1146 2666 1425 2708 ‘armato-ssa

408 2712 599 2746 adduxerat
608 2710 628 2752 ς’
645 2710 735 2747 ΠΛ.

455 2756 470 2778 ²
492 2760 503 2778 ‘
516 2759 703 2794 Wamniae
714 2757 739 2801 ς’
753 2761 833 2795 eod.
847 2760 933 2803 Ree.
1109 2760 1123 2779 ⁴
1145 2763 1154 2780 ‘
1165 2762 1367 2796 ciscnmlens
1375 2761 1401 2803 ς’
1415 2761 1509 2796 D'A.
