1930 3172
472 235 561 281 89⁴
965 249 1063 281 mo.
1083 249 1279 283 rnivrri

255 364 317 390 τι..
329 364 439 391 ιιι-ω·
476 353 602 397 ribus
643 352 1022 408 irrefragabiliter
1065 349 1359 404 ¹observatae,
1397 351 1749 409 responderunt,

257 405 378 459 neam-o·-
475 426 558 464 aut
575 420 850 476 respondere
871 420 1115 464 debebant.

543 492 555 511 ‘
575 487 712 531 Unde
756 487 915 531 habito
950 492 1154 531 tractatu
1196 493 1244 530 et
1273 486 1603 531 deliberatione
1645 485 1749 531 dm·

476 554 605 609 genti
641 567 781 610 super
819 555 1050 598 contentis
1087 554 1134 597 in
1172 553 1341 597 litteris
1378 553 1546 597 vestris
1576 566 1749 598 memo-

476 621 608 672 ratis,
648 622 920 672 communis,
950 634 1158 672 concors,
1193 627 1241 664 et
1278 620 1509 664 unanimis
1541 620 1747 665 omnium

476 694 737 731 nostrorum
772 693 820 731 et
849 687 1137 742 singulorum
1164 700 1418 731 consensus
1447 687 1547 739 suit,
1576 692 1664 739 est,
1698 692 1748 732 et

475 755 563 797 erit
594 754 879 806 inconcusse,
910 754 1018 797 Dso
1046 754 1262 810 propitio,
1296 754 1345 796 in
1377 754 1598 806 futurum,
1619 754 1744 811 quod

476 821 697 875 praesatus
718 820 931 864 dominus
960 826 1118 864 noster
1139 833 1223 863 rex
1252 832 1395 875 super
1409 820 1594 876 juribus
1616 820 1747 876 regni

476 887 662 939 Scotiae,
697 896 780 931 aut
815 887 920 930 aliis
957 888 1055 930 suis
1098 886 1445 942 temporalibus,
1483 886 1748 932 nullatenus

476 954 752 1010 respondeat
782 954 1067 1011 judicialiter
1105 966 1261 997 coram
1309 954 1455 1006 vobis,
1500 966 1587 997 neo
1620 953 1748 1011 ¹iudi-

472 1020 594 1064 cium
629 1022 795 1064 subeat
831 1034 1021 1077 quoquo
1057 1020 1209 1071 modo,
1244 1024 1327 1063 aut
1358 1020 1470 1076 jura
1498 1032 1587 1064 sua
1624 1033 1746 1077 prn-

472 1088 598 1131 dicta
622 1088 667 1131 in
690 1088 878 1131 dubium
900 1088 1173 1143 quaestionis
1192 1086 1406 1138 deducat,
1435 1099 1519 1131 nec
1541 1086 1601 1131 ad
1629 1099 1746 1143 prn-

471 1155 667 1198 sentiam
690 1161 891 1198 vestram
919 1160 1242 1210 procuratores
1265 1160 1347 1197 aut
1366 1153 1553 1198 nuntios
1573 1153 1635 1198 ad
1657 1153 1747 1199 boo

472 1222 659 1274 mittat;
717 1222 950 1277 proecipue
991 1235 1095 1264 cum
1128 1221 1370 1276 praemissa
1405 1220 1622 1265 cederent
1649 1233 1746 1265 ma»-

473 1288 639 1331 nifeste
681 1289 729 1332 in
773 1286 1177 1331 exheredationem
1218 1288 1341 1344 juris
1384 1300 1567 1331 coronae
1610 1288 1744 1343 regni

472 1354 677 1409 Angfiae,
710 1360 758 1397 et
787 1355 927 1408 regiae
955 1354 1214 1409 dignitatis,
1244 1367 1299 1397 ac
1327 1354 1374 1396 in
1400 1354 1745 1399 subversionem

472 1427 625 1464 status
654 1420 859 1476 ejusdem
888 1421 1019 1474 regni
1050 1420 1295 1471 notoriam,
1331 1433 1415 1463 nec
1438 1420 1599 1464 nonin
1629 1433 1745 1477 pm-

465 1488 693 1544 judicium
715 1488 959 1538 libertatis,
991 1486 1391 1538 consuetudinum,
1413 1492 1462 1530 et
1483 1486 1638 1542 legum
1661 1499 1747 1543 pa-

474 1560 736 1606 temarum;
780 1555 839 1596 ad
875 1567 1070 1609 quarum
1106 1554 1477 1597 observationem
1505 1558 1555 1597 et
1590 1553 1746 1598 desen-

469 1623 643 1665 sionem
678 1634 739 1664 ex
776 1621 932 1664 debito
977 1621 1174 1676 praestiti
1202 1620 1455 1676 juramenti
1494 1619 1744 1676 adstringi·

472 1701 589 1739 mur,
620 1693 668 1731 et
697 1701 802 1743 quae
838 1700 976 1730 mauu
1008 1687 1264 1731 tenebimus
1294 1692 1395 1731 toto
1433 1699 1585 1742 posse,
1611 1688 1746 1731 totis·

470 1768 561 1810 que
592 1755 767 1798 viribus
798 1768 903 1797 cum
929 1754 1023 1797 Dm
1053 1754 1231 1797 auxilio
1260 1753 1572 1798 defendemus.
1642 1753 1746 1798 Neo

471 1823 611 1865 etiam
646 1821 956 1877 permittimus
990 1827 1074 1864 aut
1111 1819 1377 1876 aliqualiter
1410 1821 1747 1875 permittemus,

471 1889 593 1931 sicut
622 1901 706 1931 nec
733 1900 979 1942 possumus
1009 1900 1093 1930 nec
1123 1886 1358 1937 debemus,
1383 1887 1624 1942 praemia-⁸
1646 1893 1744 1931 tam

472 1954 677 2005 insolita,
714 1954 933 2003 indebita,
981 1952 1329 2009 praejudicialia,
1371 1959 1419 1997 et
1458 1953 1576 1997 alias
1613 1953 1745 1997 inau-

472 2020 571 2064 dita
599 2020 889 2076 praelibatum
916 2020 1150 2064 dominum
1175 2026 1382 2064 nostrum
1402 2032 1555 2075 regem
1577 2018 1743 2078 (etiam

472 2088 510 2130 si
551 2085 714 2143 vellet)
749 2087 915 2138 facere,
954 2099 1037 2130 seu
1080 2086 1217 2130 modo
1254 2085 1462 2141 quolibet
1495 2092 1743 2133 attentare.

473 2154 705 2206 Quocirca
738 2154 978 2197 sanctitati
1015 2159 1183 2197 vestrm
1220 2160 1483 2196 reverenter
1520 2159 1569 2198 et
1596 2153 1748 2199 bumi-

473 2221 578 2263 liter
620 2221 952 2276 supplicamus,
993 2226 1222 2276 quatenus
1265 2220 1461 2264 eundem
1506 2219 1745 2266 dominum

474 2294 680 2332 nostrum
718 2300 891 2342 regem,
925 2287 1004 2343 qui
1042 2288 1164 2330 inter
1208 2287 1326 2330 alios
1361 2287 1591 2343 principes
1619 2288 1745 2332 orbis

475 2361 609 2397 terrae
634 2354 913 2398 catholicum
949 2367 999 2397 se
1027 2354 1230 2405 exbibet,
1261 2359 1308 2397 et
1339 2353 1567 2398 Romana
1600 2354 1744 2399 eoele-

473 2422 555 2463 siae
592 2421 828 2471 devotum,
854 2421 965 2476 jura
1003 2434 1089 2463 sua
1125 2427 1174 2464 et
1207 2420 1461 2472 libertates,
1498 2426 1746 2466 comnotu-

473 2487 622 2538 dines,
661 2493 710 2530 et
751 2487 878 2541 leges
925 2487 1189 2543 praedictas,
1231 2488 1405 2542 absque
1444 2487 1746 2532 diminutione

473 2560 521 2596 et
566 2554 903 2609 inquietatione
949 2554 1139 2609 pacifice
1182 2553 1433 2609 possidere,
1475 2567 1531 2598 ac
1566 2553 1748 2600 illibata

473 2621 717 2675 persistere
740 2620 983 2674 benignius
1008 2616 1321 2676 permittatis?

521 2737 528 2758 ¹
554 2735 856 2779 ‘observatura
1131 2740 1247 2781 sigilla
1285 2743 1412 2780 noma,
1449 2742 1518 2773 tam
1547 2749 1611 2781 pru
1637 2739 1749 2782 unffi,

518 2784 531 2803 ²
553 2785 620 2817 ‘ln
650 2787 751 2826 eujus
782 2786 830 2818 ni
862 2786 1091 2819 testimonium
1131 2796 1232 2828 quam
1250 2786 1747 2828 promen-numu·-
