1930 3172
471 243 560 287 390
953 254 1050 286 unc.
1080 251 1278 285 'raivn‘ri

476 363 525 400 et
566 357 695 412 regni
739 357 883 399 nostri
927 356 1090 400 incolis
1139 354 1448 399 verisimiliter
1492 353 1752 411 provenire,

478 437 563 480 pro
592 424 839 468 securitate
876 424 1004 478 regni
1035 424 1178 467 nostri
1208 422 1488 467 accessimus
1521 421 1581 466 ad
1607 420 1753 466 coufl-

480 491 605 535 nium
642 491 772 546 regni
804 491 1061 546 utriusque,
1098 490 1270 546 pluries
1299 488 1573 533 mandantes
1603 487 1752 533 eidem

479 557 654 601 Joanni
689 557 788 613 Jam
831 558 929 611 regi
972 557 1158 607 Scotioe,
1200 562 1251 600 ut
1289 556 1348 600 ad
1390 561 1519 599 certa
1562 554 1665 599 loca
1705 553 1755 599 in

480 625 679 668 confinio
718 624 941 679 praedicto
978 623 1037 667 ad
1080 636 1164 667 nos
1198 622 1437 667 accederet
1464 634 1606 678 super
1633 633 1753 678 pro·

482 691 635 734 missis
676 695 724 734 et
758 690 863 733 aliis
895 686 1355 741 'ussewi-titionibus,
1394 694 1588 740 statum,
1626 693 1753 734 tran-

482 757 775 812 quillitatem,
816 762 864 799 et
915 769 1075 811 pacem
1122 756 1254 811 regui
1293 757 1534 811 utriusque
1573 755 1754 800 coutin-

483 823 716 878 gentibus,
757 829 1059 866 tractaturus.
1159 822 1270 876 Qui.
1311 822 1481 878 spretis
1523 820 1755 868 mamati·

485 890 670 941 nostris,
708 889 756 933 in
794 902 883 932 sua
924 889 1175 945 persistens
1215 888 1423 944 perfidia,
1466 887 1526 933 ad
1565 887 1755 934 bellicos

484 961 739 1012 apparatus
781 969 886 1000 cum
925 956 1168 1012 episcopis,
1206 951 1455 1011 'praelatis,
1493 954 1755 1008 comitibus,

483 1030 532 1067 et
573 1024 823 1067 baronibus
854 1023 982 1078 regni
1016 1023 1203 1075 Scotiae,
1235 1036 1290 1067 ac
1323 1022 1464 1066 etiam
1486 1021 1593 1067 aliis
1621 1026 1755 1067 exte-

486 1091 548 1134 ris
581 1090 875 1134 conductitils
909 1096 1071 1133 contra
1105 1103 1205 1141 nos,
1238 1102 1430 1145 regnum
1458 1093 1684 1141 nostrum,
1706 1094 1757 1135 et

485 1157 616 1211 regni
645 1158 789 1201 nostri
824 1157 1018 1207 incolas,
1044 1157 1272 1200 hostiliter
1299 1170 1350 1200 se
1376 1162 1651 1200 convertens
1675 1167 1755 1200 ac-

485 1225 649 1274 cinxit,
675 1229 722 1267 et
745 1224 802 1267 ad
833 1223 1023 1267 hostiles
1052 1236 1301 1278 aggressus
1331 1228 1380 1266 et
1405 1223 1616 1267 incursus
1646 1234 1753 1278 pm·

485 1291 668 1341 cedens,
708 1304 900 1345 regnum
957 1296 1163 1333 nostrum
1206 1290 1393 1341 invasit,
1441 1297 1490 1333 et
1529 1288 1754 1346 quasdam

487 1357 621 1400 villas
646 1359 775 1412 regni
807 1358 951 1400 nostri
977 1356 1162 1412 Anglioe
1185 1370 1267 1412 per
1292 1370 1343 1399 se
1366 1362 1413 1400 et
1441 1368 1552 1400 snos
1578 1355 1757 1412 deproe-

486 1424 624 1467 datns
668 1429 755 1474 est,
799 1436 971 1479 easque
1022 1424 1228 1467 vastavit
1272 1422 1499 1475 incendio,
1550 1421 1759 1467 homines

488 1497 669 1534 nostros
689 1491 934 1541 interfecit,
958 1496 1005 1533 et
1031 1490 1262 1533 nonnullis
1295 1490 1451 1533 nautis
1482 1489 1655 1534 nostri·
1674 1502 1758 1545 per

487 1571 567 1601 eos
616 1557 881 1613 peremptis,
934 1570 1077 1601 naves
1126 1556 1360 1600 hominum
1403 1561 1665 1600 nostrorum
1709 1560 1759 1601 et

490 1626 617 1679 regni
659 1624 844 1678 Angliae
867 1625 1085 1667 comburi
1127 1623 1251 1675 fecit,
1288 1628 1336 1667 et
1375 1636 1402 1667 e
1442 1622 1640 1678 vestigio
1673 1635 1758 1679 ag·

488 1691 644 1746 gredi3
692 1687 997 1746 ’redditisque
1033 1691 1164 1734 nobis
1201 1690 1416 1745 homagio
1455 1694 1503 1734 et
1535 1689 1759 1735 fidelitas

490 1765 584 1802 tam
626 1771 711 1813 pro
740 1772 791 1800 se
824 1770 964 1813 qnam
999 1771 1084 1813 pro
1121 1757 1225 1800 aliis
1250 1757 1600 1812 quibuscunque
1626 1755 1760 1812 regni

488 1826 562 1867 sui
596 1825 775 1874 incolis,
806 1838 890 1880 per
918 1824 1099 1868 litteras
1126 1824 1331 1879 ejusdem
1365 1824 1490 1878 regis
1522 1823 1666 1868 verbo
1690 1822 1760 1868 os-

490 1892 745 1935 fensionum
782 1891 1109 1946 exprimentes,
1144 1896 1192 1933 et
1225 1891 1347 1933 inter
1379 1890 1474 1933 alia
1503 1890 1645 1934 verbs
1673 1889 1762 1934 dir-

490 1958 724 2001 fidationis
768 1958 1075 2008 continentes,
1118 1957 1367 2000 comitatus
1411 1960 1596 2000 nostros
1639 1954 1760 2000 Nor·

490 2024 751 2075 thumbriae,
797 2023 1045 2075 Cumbriae,
1085 2030 1133 2067 et
1181 2022 1583 2067 Westmerlandiae
1629 2023 1760 2079 regni

490 2091 637 2134 nostri
669 2090 857 2145 Anglioe
887 2096 1172 2145 congregato
1207 2090 1416 2133 exercitu
1443 2089 1623 2144 ingenti
1651 2088 1760 2135 bo·-

490 2158 634 2200 tiliter
668 2170 750 2213 per
771 2170 823 2200 se
857 2163 906 2200 et
938 2170 1050 2200 suos
1087 2156 1277 2207 invasit,
1313 2162 1518 2210 stragem
1554 2156 1763 2200 innume-

491 2237 587 2267 ram
627 2224 858 2267 hominum
901 2229 1179 2274 nostrorum,
1219 2222 1431 2266 incendia
1463 2223 1763 2269 monasterio-

491 2305 589 2334 rum
629 2297 677 2334 et
708 2290 1006 2334 ecclesiarum
1038 2296 1085 2333 et
1125 2290 1337 2333 villarum
1373 2288 1624 2333 inhumane
1656 2302 1762 2345 per·

491 2358 728 2413 petrando,
764 2363 812 2399 et
847 2358 1040 2412 patriam
1076 2357 1278 2412 undique
1314 2355 1656 2411 depopulando,
1694 2356 1764 2400 in·

490 2424 642 2467 santes
684 2424 732 2466 in
772 2424 1031 2475 cunabulis,
1067 2423 1281 2467 mulieres
1318 2423 1365 2466 in
1400 2423 1645 2479 puerperio
1679 2422 1759 2468 de-

488 2490 755 2534 cumbentes
794 2489 950 2544 gladio
994 2490 1297 2540 trucidarunt,
1337 2495 1401 2541 et,
1437 2488 1564 2545 quod
1596 2489 1761 2535 auditu

490 2557 763 2600 horrendum
795 2563 883 2608 est,
914 2570 943 2600 a
973 2557 1206 2600 nonnullis
1237 2556 1505 2600 mulieribus
1534 2555 1763 2602 mamillas

538 2731 641 2765 'The
656 2732 753 2765 other
768 2733 869 2767 MSS.
886 2733 971 2766 have
995 2735 1108 2766 ‘asse-
1186 2730 1201 2752 ²
1222 2729 1763 2775 Thi-wordumungtnlu.

488 2779 696 2812 cuntionis:
1186 2777 1201 2797 ⁸
1222 2781 1234 2798 ⁴
1246 2778 1491 2820 denunti-quie
1500 2775 1528 2819 ε’
1545 2778 1763 2815 min-t.
