1930 3172
450 209 509 251 44
939 218 1036 251 mc.
1056 218 1254 251 varva-ri

447 322 664 366 Caesarea
708 321 927 378 Philippi,
964 329 1012 367 et
1045 336 1074 366 a
1114 323 1358 367 Saracenis
1392 327 1531 379 capta
1570 328 1621 368 et
1645 322 1724 368 de-

445 394 626 432 structa
661 390 882 440 totaliter,
923 396 1093 446 praeter
1129 390 1232 447 ejus
1265 391 1563 434 munitionem
1596 390 1723 446 prin·
1924 357 1930 477 ¹

445 455 657 511 cipalem.
728 456 834 499 Rex
880 456 1193 509 Baldewinus,
1227 457 1406 501 insidiis
1440 457 1726 501 circumven-

448 527 540 573 tus,
581 523 658 566 vix
693 523 874 575 evasit;
926 523 1150 580 illataque
1186 531 1259 568 est
1300 530 1484 580 strages
1518 523 1725 568 maxima
1924 529 1930 577 Ι

448 587 739 632 Christianis.
1923 579 1930 707 1

1922 709 1930 842 1

228 936 324 962 ›au-a
516 918 835 963 Peenameus
887 921 1152 976 imperator,
1194 920 1339 976 Alpes
1386 927 1493 977 post
1535 920 1720 967 Pascha

226 973 335 996 '''''
447 986 692 1037 transiens,
717 987 898 1030 obsedit
919 986 1262 1039 Mediolanum3
1303 994 1367 1040 et,
1396 993 1504 1043 post
1532 987 1720 1044 longam

445 1051 743 1103 obsidionem,
774 1053 954 1096 reddita
986 1055 1099 1098 urbe
1135 1055 1431 1111 acceptisque
1465 1053 1719 1109 obsidibus,

445 1118 673 1174 disposuit
690 1119 748 1162 ad
771 1121 1113 1176 oppressionem
1131 1121 1352 1164 Willelmi
1373 1122 1496 1177 regis
1525 1116 1718 1166 'Siculo

446 1185 707 1240 procedere,
732 1193 869 1242 prout
892 1186 991 1243 ipse
1014 1193 1062 1230 et
1087 1187 1309 1231 Emanuel
1333 1189 1584 1244 imperator
1598 1187 1718 1232 Con-

228 1279 368 1306 ΜΜ,
446 1253 889 1309 stantinopolitanus
930 1254 1051 1297 inter
1091 1267 1142 1298 se
1180 1254 1502 1298 condixerant.
1588 1254 1717 1299 Mor-

225 1313 428 1377 mmm
447 1323 527 1361 tuo
572 1318 801 1371 Celsi-ido,
839 1320 979 1363 fratre
1023 1321 1146 1375 regis
1189 1320 1393 1377 Angliae,
1438 1322 1517 1377 qui
1561 1334 1716 1365 comes

225 1379 384 1439 22:25⁸·
447 1384 758 1429 Nannetensis
793 1393 910 1438 erat,
937 1386 1158 1431 Conanus
1186 1388 1283 1431 dux
1317 1388 1572 1432 Britanniae
1604 1389 1719 1432 civi-

443 1457 584 1495 tatem
614 1452 658 1495 N
663 1454 921 1496 anneticam
944 1455 1202 1510 occupavit.

223 1533 373 1559 namn.-
512 1518 762 1570 Henricus,
778 1532 859 1563 rex
876 1518 1151 1575 Anglorum,
1168 1534 1320 1565 mense
1334 1522 1551 1577 Augusto
1569 1528 1716 1566 tram-

222 1567 407 1660 ἓξὲξ-ΞΤ
442 1584 630 1628 fretavit
663 1586 709 1628 in
746 1585 1095 1646 Normannhm,
1126 1588 1476 1644 collocutusque
1505 1594 1578 1633 est
1606 1601 1713 1634 cum

381 1652 387 1659 ’
442 1665 549 1707 rege
573 1652 872 1704 Francorum,
900 1666 1040 1709 super
1062 1654 1251 1698 fluvium
1273 1651 1486 1706 'Etham,
1506 1654 1565 1699 de
1582 1667 1713 1712 pace,

439 1724 488 1761 et
526 1718 818 1763 matrimonio
867 1720 1180 1764 contrahendo
1229 1722 1350 1764 inter
1388 1722 1533 1765 filium
1577 1734 1714 1766 suum

441 1784 695 1828 Henricum
739 1791 787 1829 et
823 1785 1137 1841 margaretam
1177 1787 1318 1831 filiam
1356 1789 1478 1843 regis
1508 1787 1712 1833 Franco-

440 1864 557 1902 rum,
591 1852 903 1908 proestitisque
933 1852 1038 1895 hinc
1060 1853 1166 1896 inde
1185 1866 1326 1910 super
1346 1853 1432 1897 hoc
1452 1867 1714 1899 sacramen-

442 1917 515 1967 tis,
555 1930 637 1961 rex
662 1918 849 1973 Angliae
880 1919 1007 1962 venit
1046 1918 1462 1975 Argentomagum,
1494 1921 1574 1964 ubi
1603 1934 1711 1965 con·

440 1997 613 2027 vocans
643 1985 915 2036 exercitum,
945 1985 1173 2041 disposuit
1210 1987 1428 2031 invadere
1466 1986 1709 2032 Conanum

438 2050 600 2094 ducem
624 2051 897 2103 Britanniae,
928 2065 1012 2107 pro
1034 2053 1273 2096 invasione
1302 2053 1577 2098 Nanneticae
1597 2054 1711 2098 civi·

440 2117 566 2160 tatis.
631 2117 822 2161 Interim
846 2131 973 2169 vero,
1003 2131 1085 2174 per
1114 2133 1268 2175 regem
1295 2120 1580 2164 Francorum
1598 2134 1710 2165 evo·

437 2189 586 2233 catus,
616 2197 719 2227 cum
752 2184 913 2240 paucis
943 2186 1071 2228 venit
1103 2182 1350 2238 'Parisios,
1381 2193 1429 2230 et
1459 2187 1709 2232 inaestim

438 2250 518 2291 bili
555 2250 726 2293 honore
754 2264 783 2293 a
816 2264 924 2306 rege
958 2251 1211 2301 Lodovico.
1245 2260 1292 2296 et
1326 2253 1600 2298 Constantia
1634 2267 1709 2299 re-

437 2316 561 2369 gina,
586 2317 808 2371 regnique
832 2318 1096 2372 proceribus
1118 2324 1191 2363 est
1213 2326 1451 2376 exceptus.
1506 2320 1710 2365 Rediens

436 2388 591 2424 autem
618 2382 756 2426 filiam
789 2383 911 2437 regis
935 2383 1216 2428 Francorum
1243 2399 1399 2429 secum
1429 2386 1581 2439 duxit,
1608 2386 1708 2432 Bo·

437 2448 658 2504 bertoque
681 2449 738 2491 de
762 2448 1065 2505 Novoburgo,
1087 2452 1188 2494 viro
1210 2452 1350 2494 nobili
1371 2458 1418 2495 et
1442 2452 1582 2506 fideli,
1612 2460 1709 2499 tra·

344 2529 419 2559 ,m-
434 2514 550 2557 didit
583 2515 883 2558 nutriendam.
957 2515 1118 2559 Mense
1141 2531 1248 2560 vero
1279 2519 1554 2575 Septembri,
1584 2532 1709 2564 nono

214 2563 417 2626 &fa-2⁶¹¹
434 2580 523 2623 cal.
546 2581 779 2632 Octobris,
810 2588 947 2625 natus
978 2588 1049 2627 est
1069 2584 1167 2638 regi
1197 2584 1332 2636 filius,
1363 2598 1499 2641 quem
1520 2586 1708 2631 vocavit

214 2631 349 2663 σφιυ.

482 2702 491 2724 ¹
514 2706 523 2722 ⁸
540 2702 689 2743 sicilie:
704 2706 844 2739 omitted
859 2706 893 2740 in
910 2703 999 2740 ΠΛ.
1132 2705 1145 2725 ⁸
1161 2708 1218 2740 All
1235 2708 1290 2740 the
1309 2709 1408 2743 MSS.
1425 2708 1493 2743 nd
1511 2706 1602 2744 ΠΛ.
1617 2709 1705 2744 inve

480 2748 494 2767 ‘
515 2753 525 2768 ‘
545 2751 641 2783 Eum
651 2749 672 2792 ς’
690 2752 742 2786 Μ.
1082 2756 1092 2772 “
1114 2754 1292 2788 Patisium·
