1930 3172
253 1134 353 1161 Aflalrn
365 1135 397 1162 οἱ

252 1169 301 1194 tho
313 1169 384 1201 noiy

255 1203 342 1228 land.

473 206 561 249 208
953 219 1050 251 mc.
1083 218 1283 251 ‘ratvirri

473 324 804 367 somersetensi
834 332 881 368 et
910 325 1191 374 Dorsetensi,
1216 324 1438 367 custodiis
1462 330 1510 367 et
1533 323 1748 373 forestis:

477 389 720 447 Philippus
744 391 801 434 de
828 391 982 442 Μαι-Κ,
1015 393 1092 447 qui
1123 398 1278 435 castra
1308 391 1365 433 (le
1395 390 1680 445 Notingbam
1700 395 1749 434 et

472 457 529 500 de
552 457 697 501 Pecto
720 471 822 501 cum
843 459 1140 501 comitatibus
1166 457 1511 511 Notingbamiae
1531 463 1579 501 et
1604 457 1750 503 Dere-

472 524 601 580 beyae
636 538 690 567 ac
728 525 940 576 forestisz
989 525 1274 580 Eugelardus
1309 525 1366 567 de
1402 520 1628 576 'Ciconia⁹
1667 523 1747 580 qui

470 598 626 634 castra
660 591 717 634 de
746 592 1064 635 Windelesore
1101 599 1148 635 et
1185 593 1242 635 de
1282 591 1498 642 odiham,
1536 591 1583 634 in
1624 590 1748 646 regis

470 657 685 734 injuriam
707 658 1016 709 detinuerant,
1047 665 1093 701 et
1118 672 1238 702 nunc
1268 659 1418 702 coacti
1450 663 1560 700 sunt
1590 657 1746 702 omnia

471 725 705 778 resignare
736 725 875 779 regiae
907 725 1152 768 voluntati.
1223 725 1463 768 Hubertus
1486 724 1545 767 de
1569 724 1746 779 Burgo,

469 803 623 833 comes
669 790 866 842 Cantiae,
919 805 1122 835 sororem
1174 792 1296 847 regis
1347 791 1516 834 Scotioe
1565 790 1744 847 aceepit

470 869 690 907 uxorem;
730 858 810 912 qui
847 858 907 901 ob
947 858 1224 913 probitatem
1259 863 1306 901 et
1340 858 1608 901 fidelitatem
1643 857 1743 901 exi·

470 924 606 967 miani
638 930 795 967 custos
827 924 948 979 regis
972 925 1161 981 juvenis
1193 930 1241 967 et
1265 925 1408 967 totius
1434 923 1617 979 Angliae
1640 922 1743 980 Jus-

470 990 671 1033 titiarius
707 991 857 1034 factus
893 997 981 1045 est,
1017 992 1221 1035 omnium
1253 991 1311 1035 de
1342 1004 1484 1047 regno
1518 989 1744 1048 maJornm

470 1069 677 1101 assensu.

544 1124 765 1179 Pelagius
809 1126 1078 1181 apostolicae
1121 1125 1245 1168 sedis
1289 1125 1471 1180 legatus
1510 1125 1558 1168 in
1598 1122 1747 1167 Terra

469 1190 658 1243 Sancta,
689 1193 735 1234 in
761 1191 878 1235 festo
907 1192 1223 1248 apostolorum
1248 1192 1375 1235 Petri
1402 1198 1450 1235 et
1474 1190 1611 1235 Pauli
1639 1202 1744 1234 eum

470 1271 641 1313 magna
674 1264 805 1314 parte
843 1260 1075 1303 exercitus
1111 1273 1273 1302 versus
1316 1258 1599 1314 Babylonem
1639 1270 1745 1313 pro-

471 1325 633 1376 fectus,
656 1338 759 1368 cum
785 1326 841 1368 ad
874 1326 1023 1369 locum
1055 1326 1271 1378 medium,
1302 1326 1379 1368 ubi
1413 1325 1551 1368 Nilus
1580 1325 1627 1368 iu
1658 1324 1749 1367 tria

470 1405 640 1447 magna
657 1392 845 1435 flumina
865 1393 1105 1443 scinditur,
1118 1394 1340 1444 venissen
1365 1397 1592 1447 occupato
1606 1396 1747 1448 ponte

470 1472 604 1514 quem
638 1455 742 1514 ¹[de
783 1460 999 1513 navibus]
1034 1459 1252 1502 Saraceni
1291 1463 1665 1510 construxerant,
1699 1458 1744 1500 in

472 1526 661 1580 planitie
707 1526 878 1569 littoris
922 1527 1122 1570 tentoria
1164 1527 1241 1581 figi
1287 1526 1445 1582 jussit.
1513 1524 1745 1568 Soldauus

471 1592 761 1635 Christianos
789 1593 1020 1650 ferventes
1049 1606 1151 1636 esse
1174 1593 1419 1636 attendens
1449 1592 1507 1636 ad
1539 1604 1744 1649 pugnam

472 1659 620 1702 noluit
641 1665 803 1715 aperto
836 1667 981 1703 marte
1008 1660 1274 1715 confligere,
1300 1660 1380 1703 sed
1414 1665 1467 1703 ut
1491 1659 1744 1703 exercitum

470 1726 697 1781 affligeret
717 1726 884 1778 inedia,
914 1726 1149 1783 probibuit
1177 1727 1548 1783 apportationem
1566 1725 1746 1770 victua-

472 1794 601 1844 lium,
624 1794 801 1836 viarum
824 1793 1025 1836 aditibus
1046 1793 1249 1849 undique
1267 1793 1525 1836 custoditis.
1578 1791 1745 1848 snper»

472 1861 599 1902 veuit
630 1865 678 1902 et
709 1860 951 1903 inundatio
985 1859 1099 1911 Nili,
1138 1872 1243 1915 quae
1281 1866 1427 1903 totam
1466 1864 1633 1902 terram
1667 1859 1745 1902 ubi

471 1932 572 1969 erat
609 1927 839 1969 exercitus
876 1926 1061 1969 Domini
1098 1939 1343 1981 occupans,
1389 1938 1536 1981 usque
1570 1925 1630 1969 ad
1668 1938 1747 1981 ge-

473 2006 613 2035 nuum
658 1993 1017 2047 profunditatem
1057 1992 1246 2036 resolvit
1278 1994 1325 2036 in
1359 2005 1559 2036 coenum.
1629 1991 1748 2045 Qui-

474 2060 559 2101 bus
598 2059 732 2102 malis
774 2061 922 2103 coacti
966 2066 1076 2103 sunt
1120 2059 1373 2103 Christiani
1414 2059 1495 2116 (ea
1535 2059 1749 2115 pactione

473 2126 596 2182 quod
629 2139 735 2182 pars
765 2127 914 2169 crucis
946 2126 1203 2169 Dominicae
1233 2139 1371 2182 quam
1400 2125 1631 2170 Soldanus
1656 2125 1749 2170 Ba·

473 2193 655 2248 bylonis
686 2199 733 2236 et
755 2193 974 2236 Damasci
1005 2199 1325 2249 asportaverat
1349 2193 1407 2236 de
1434 2192 1749 2249 lerosolymis‚

473 2260 540 2302 eis
574 2260 856 2310 redderetur,
888 2261 1284 2316 liberarenturque
1313 2273 1473 2303 omues
1496 2259 1748 2303 Christiani

473 2328 663 2381 captivi,
693 2327 804 2370 dato
833 2327 965 2370 salvo
994 2327 1225 2370 conductu
1246 2340 1394 2383 usque
1417 2324 1623 2384 Achom)
1647 2326 1746 2370 Da·

474 2394 664 2436 miatam
704 2393 948 2436 Saracenis
984 2393 1189 2444 reddere,
1223 2394 1523 2449 induciasque
1554 2394 1603 2436 in
1638 2398 1746 2437 octo

474 2472 620 2502 annos
673 2460 880 2512 firmare3
938 2460 1095 2515 sicque
1156 2461 1390 2512 Damiata,
1447 2466 1587 2516 capta
1641 2473 1746 2504 cum

373 2544 382 2564 ι
473 2532 659 2582 sumptu
682 2527 885 2570 maximo
914 2533 962 2570 et
982 2526 1156 2578 labore,
1182 2534 1229 2570 et
1251 2541 1333 2583 per
1353 2540 1522 2570 annum
1543 2539 1574 2570 a
1594 2526 1749 2571 Chris-

475 2594 614 2636 tianis
646 2607 874 2649 possessa,
906 2594 951 2636 iu
992 2593 1252 2637 Nativitate
1288 2594 1498 2649 Virginis
1530 2593 1746 2649 gloriosae

570 2743 987 2788 '‘siconi-3'M.etAr-.
1055 2744 1063 2791 Ι
1130 2744 1653 2781 '‘densabat-resnou.
