1930 3172
523 226 611 270 222
1012 237 1107 269 mo.
1131 236 1328 269 ‘ratium

523 343 691 388 diffusa
730 343 899 400 gratia,
929 350 982 387 ut
1001 343 1058 386 de
1083 343 1251 395 verbis,
1270 355 1375 399 quae
1407 341 1717 398 procedebant
1737 340 1798 386 de

523 424 604 455 ore
632 411 747 468 ejus,
791 412 868 454 vix
901 410 1137 455 auditores
1178 415 1368 466 possent
1405 409 1583 453 satiari.
1653 406 1799 452 Mira-

522 478 639 522 cuiis
682 490 867 535 quoque
905 484 1011 534 post
1047 482 1238 521 mortem
1277 476 1446 520 claruit
1475 474 1702 531 plurimis,
1737 474 1798 520 de

523 546 691 602 quibus
729 546 787 589 ad
826 545 1177 588 aedificationem
1217 544 1469 599 legentium
1505 542 1599 587 duo
1627 540 1798 587 suffieit

522 619 762 656 annotare.
835 611 1063 666 Magister
1082 612 1172 654 iste
1188 610 1297 654 dum
1313 610 1505 663 viveret,
1528 609 1574 653 in
1596 608 1798 666 quodam

523 679 804 722 monasterio
826 691 1036 721 sororum
1060 677 1252 729 ordinis,
1273 676 1505 733 quandam
1526 675 1797 720 excellentis

524 746 634 788 vitoe
669 758 874 788 sororem
906 745 1172 788 instituerat
1193 744 1477 799 priorissam,
1496 756 1602 799 quas
1633 748 1798 799 postea

524 824 744 867 percussa
780 810 1000 867 paralysi,
1028 811 1153 854 sacta
1186 811 1432 866 impotens,
1461 809 1509 853 in
1543 809 1666 854 lecto
1685 822 1798 854 eon·

525 879 653 921 tinue
695 878 1033 931 decumbebat;
1079 883 1267 933 propter
1301 876 1427 933 quod
1466 875 1799 920 insumis-ine

525 946 713 1001 petebat
756 958 839 1001 per
888 945 1150 1000 superiores
1197 957 1309 987 suos
1358 944 1420 988 ab
1471 941 1623 987 officio
1673 941 1799 999 quod

524 1012 719 1067 exsequi
765 1025 857 1055 non
901 1017 1085 1067 poterat
1130 1011 1345 1054 absolvi:
1389 1009 1470 1053 sed
1518 1009 1800 1055 reclamante

524 1084 772 1130 conventu,
825 1078 900 1122 cui
957 1078 1200 1121 videbatur
1244 1077 1403 1121 utilior
1445 1076 1512 1120 sic
1562 1075 1800 1132 languida,

523 1158 663 1201 quam
721 1145 816 1188 alia
873 1158 1178 1200 quincunque,
1240 1158 1334 1188 non
1380 1144 1533 1199 potuit
1573 1143 1798 1188 obtinem-

525 1212 714 1256 Auditis
745 1213 903 1268 itaque
931 1212 1164 1255 miraculis
1190 1211 1365 1262 multis,
1395 1223 1501 1267 quae
1522 1209 1583 1254 ad
1612 1209 1800 1254 iuvoca-

526 1280 695 1322 tionem
733 1280 931 1322 nominis
963 1279 1118 1322 fratris
1143 1277 1340 1322 Jordani
1375 1278 1424 1320 in
1458 1277 1655 1321 diversis
1690 1289 1799 1333 par-

527 1347 650 1389 tibus
688 1347 996 1401 contigerant,
1039 1351 1270 1389 conventu
1311 1340 1565 1400 'prudente
1600 1343 1710 1388 fecit
1747 1357 1799 1388 se

525 1413 572 1455 in
610 1413 865 1467 gestatorio
902 1412 1103 1468 quodam
1134 1412 1193 1455 ad
1234 1412 1476 1455 ecelesiam
1505 1422 1535 1453 a
1563 1411 1799 1455 sororibus

525 1479 773 1536 deportari.
875 1479 1072 1530 Deinde,
1109 1479 1290 1522 emissis
1331 1477 1583 1529 sororibus,
1632 1477 1799 1522 devote

526 1547 712 1602 rogavit
757 1546 945 1589 fratrem
990 1545 1267 1597 Jordanum,
1303 1557 1441 1600 quem
1484 1543 1802 1588 indubitanter

526 1614 743 1657 credebat
774 1626 967 1668 regnare
989 1626 1093 1656 eum
1119 1612 1360 1663 canisve,
1395 1616 1446 1654 ut
1467 1610 1557 1654 sibi
1578 1611 1799 1667 impetra-

528 1686 598 1723 ret
622 1694 650 1723 a
674 1681 891 1731 Domino,
917 1680 990 1723 vel
1015 1680 1074 1723 ab
1110 1679 1197 1723 hae
1221 1680 1319 1722 vita
1342 1676 1554 1721 celeriter
1573 1678 1702 1731 exui,
1725 1677 1801 1721 vel

528 1748 588 1790 ab
618 1746 768 1791 officio
804 1760 887 1802 per
926 1747 1187 1802 superiores
1223 1759 1334 1789 suos
1373 1744 1569 1797 absolvi,
1600 1744 1676 1788 vel
1710 1743 1801 1788 sibi

528 1815 774 1856 sanitatem
817 1812 1029 1863 conferri,
1073 1826 1155 1868 per
1189 1825 1328 1868 quam
1374 1811 1504 1854 fieret
1541 1810 1710 1855 idonea
1739 1809 1799 1854 ad

529 1876 817 1935 ²impositum
864 1878 1062 1922 officium
1111 1877 1474 1934 exsequendum.
1587 1876 1799 1934 Moxque

527 1947 673 1991 sensit
701 1946 934 2002 quandam
968 1946 1186 1988 virtutem
1222 1945 1310 1988 sibi
1334 1944 1557 1987 divinitus
1582 1942 1802 1996 infusam,

528 2027 621 2069 qua
650 2013 911 2056 confortata
936 2012 1083 2068 primo
1115 2012 1274 2068 pedem
1305 2023 1466 2062 unum,
1488 2009 1654 2054 deiude
1682 2009 1800 2055 alte·

528 2094 630 2123 rum
667 2084 805 2123 extra
842 2078 1146 2134 gestatorium
1186 2077 1331 2133 coepit
1367 2090 1571 2133 ponere3
1614 2075 1799 2121 tandem

526 2153 681 2190 erecta
702 2146 846 2202 eoepit
869 2159 951 2201 per
968 2145 1157 2188 chorum
1178 2143 1432 2196 ambulare,
1453 2143 1589 2200 quasi
1610 2155 1673 2188 an
1692 2156 1802 2188 vere

526 2219 650 2256 esset
686 2219 854 2257 sanata
890 2218 1105 2255 tentaret.
1178 2210 1358 2255 Deinde
1396 2210 1558 2254 audita
1590 2209 1702 2254 nola
1729 2223 1802 2255 re-

528 2280 723 2332 fectorii,
764 2280 970 2323 sentiens
1004 2292 1055 2322 se
1092 2292 1256 2335 gressu
1296 2278 1541 2330 firmatam,
1575 2277 1803 2334 prooessit

526 2347 711 2390 obviam
727 2346 975 2390 conventui
996 2345 1228 2388 cantando
1253 2350 1264 2368 ‘
1279 2341 1520 2388 Miserere'
1539 2343 1599 2388 ad
1619 2343 1803 2388 ecelesi-

526 2426 601 2456 am
632 2414 849 2457 venienti.
920 2413 1075 2466 Quam
1092 2411 1304 2468 juniores
1328 2411 1477 2468 primo
1506 2415 1802 2455 oecurrente·

525 2481 813 2523 mirabantur
833 2480 872 2522 si
896 2479 1118 2535 priorissa
1151 2485 1291 2531 esset,
1315 2491 1420 2534 quae
1444 2478 1512 2521 sie
1541 2475 1803 2522 ambularet

574 2641 1148 2683 'mumma-thium·—
1179 2640 1324 2682 thought
1354 2640 1801 2675 sthenes-torennae

525 2688 655 2730 dentes
678 2691 739 2723 but
753 2690 800 2723 ali
820 2689 877 2723 the
901 2689 1002 2722 MSS.
1020 2687 1145 2729 having
1180 2687 1316 2728 general
1337 2686 1491 2729 reading.

526 2741 536 2756 ⁸
554 2734 742 2779 prudente:
773 2736 885 2770 which
916 2744 1027 2769 seems
1054 2744 1145 2767 nore
1185 2733 1241 2769 0¹
1261 2736 1271 2752 ⁸
1289 2734 1483 2776 impositum
1512 2733 1579 2767 eibi
1607 2732 1801 2775 ofleiunu'

526 2785 703 2825 ugoeenble
717 2788 751 2816 to
762 2783 819 2816 the
833 2787 1044 2826 00⁰oeme
1058 2781 1145 2814 have
1180 2781 1230 2813 M.
1245 2784 1278 2813 et
1294 2781 1356 2814 Ar.
