1930 3172
230 1292 291 1319 ‘nu
303 1291 414 1318 moth«

228 1325 431 1385 tiliam
446 1354 579 1385 soror
605 1342 756 1385 suerat
787 1342 969 1385 comitis
1003 1342 1052 1384 S.
1079 1341 1270 1395 AEgidii,
1302 1337 1516 1384 'veniens
1548 1340 1610 1385 ad
1637 1354 1724 1385 ex-

229 1392 381 1419 Christian.

445 2601 729 2675 pyram-idem
773 2602 998 2658 posuisse.
1074 2601 1148 2644 Ex
1191 2615 1284 2656 quo
1326 2602 1499 2646 sactum
1532 2605 1622 2655 est,
1664 2607 1718 2647 ut

445 222 506 267 98
676 228 688 236 ·
928 234 1024 267 κιο.
1044 234 1242 267 ‘rain-ri

902 359 921 381 Α
1087 371 1097 381 .
1227 357 1404 382 ’.ΑΙωΙΙΙ
1502 355 1691 382 mm..

1118 477 1127 486 .
1322 455 1350 485 l.
1573 454 1630 488 8·

515 543 673 589 Oinoa
697 545 833 588 tinem
858 545 1029 587 mensis
1050 544 1079 587 J
1087 544 1183 595 ulii,
1208 543 1443 587 Henricus
1468 556 1551 587 rex
1569 543 1724 588 senior

448 612 495 654 in
518 611 736 666 Angliam
765 610 1096 655 tianssretavit.
1167 609 1424 661 Galsridus,
1448 609 1571 653 filius
1598 609 1725 665 regis

449 676 651 732 Angliae,
673 678 812 720 filiam
833 677 1030 728 Conaui,
1053 676 1235 719 comitis
1260 677 1534 728 Britannia,
1555 676 1724 720 solem·

448 745 568 787 niter
595 743 911 799 desponsavit.
981 739 1061 785 'In
1094 742 1386 786 solemnitate
1426 742 1621 787 Pascha
1660 742 1720 787 ad

447 815 668 860 castrum,
714 810 838 865 quod
881 809 1052 852 dicitur
1087 804 1472 860 'Mons-Aureus,
1509 809 1722 865 quodam

448 876 613 919 mulier
641 875 825 919 infamis
858 888 962 918 cum
1000 876 1232 931 acciperet
1271 874 1454 931 Corpus
1493 875 1722 928 Culum,

450 956 542 985 non
557 942 747 997 glutivit
763 942 895 994 illud,
917 941 999 985 sed
1024 942 1179 998 posuit
1198 941 1311 984 illud
1334 942 1381 984 in
1405 954 1515 984 arca
1531 953 1636 994 sua,
1651 940 1724 985 ln-

449 1009 659 1052 volutum
682 1022 836 1064 panno
859 1008 994 1051 lineo.
1065 1008 1182 1051 Cum
1206 1014 1362 1051 autem
1382 1008 1570 1064 quidam
1596 1019 1726 1053 ama.-

447 1075 544 1118 sius
567 1076 669 1132 ejus
690 1076 892 1131 aperiret
911 1075 1103 1118 eandem
1126 1087 1300 1126 arcam,
1323 1075 1501 1119 invenit
1523 1073 1721 1119 bostiam

450 1141 682 1185 Dominici
705 1142 925 1198 Corporis
947 1142 995 1185 in
1018 1141 1212 1197 effigiem
1234 1142 1387 1184 carnis
1410 1147 1458 1186 et
1479 1140 1723 1197 sauguinis

448 1214 820 1252 transmutatam.
1923 1204 1930 1269 ξ

518 1274 674 1318 Mater
696 1276 876 1318 soldani
903 1275 1066 1327 Iconii,
1091 1287 1196 1330 quae
1221 1280 1273 1317 ut
1291 1286 1434 1329 supra
1452 1273 1627 1319 dietum
1649 1279 1723 1318 est
1924 1274 1930 1285 “

448 1414 611 1459 trema,
631 1408 855 1451 revelavit
876 1408 971 1450 filio
989 1421 1091 1457 suo.
1124 1407 1247 1463 quod
1271 1420 1453 1463 semper
1470 1407 1721 1459 celaverat,

446 1475 569 1530 quod
595 1481 718 1517 esset
742 1474 952 1517 videlicet
976 1474 1269 1525 Christianam
1302 1474 1576 1529 rogavitque
1595 1473 1721 1530 quod

445 1541 654 1584 crederet
674 1542 721 1583 in
742 1541 1027 1591 Culus‘ruu,
1050 1546 1098 1583 et
1119 1540 1243 1595 quod
1265 1539 1479 1594 diligeret
1497 1539 1722 1584 Christis·

447 1621 545 1652 nos.
615 1607 702 1651 Cui
726 1607 871 1658 filius,.
889 1620 940 1650 se
964 1620 1054 1650 non
1073 1607 1244 1649 audere
1274 1606 1360 1649 hoc
1391 1611 1551 1662 aperte
1571 1606 1724 1651 faeere

446 1680 636 1729 propter
678 1686 900 1729 paganos,
942 1674 1193 1729 respondit.
1277 1673 1503 1729 Dixitque
1544 1677 1719 1718 materz

446 1744 458 1763 ‘
480 1740 587 1791 Fili,
621 1753 725 1783 cum
764 1746 947 1783 mortua
979 1740 1122 1789 fuero,
1158 1739 1389 1783 excelsam
1426 1739 1538 1783 mihi
1567 1739 1725 1796 sepul·

447 1812 597 1849 turam
620 1807 692 1848 sac
715 1806 836 1849 sicut
856 1806 1157 1862 pyramidem,
1189 1812 1237 1848 et
1258 1819 1400 1861 super
1418 1818 1520 1849 eam
1541 1805 1721 1851 colloca

446 1873 630 1926 signum
653 1873 833 1915 crucis.'
885 1871 981 1925 Qui
1003 1885 1108 1914 cum
1131 1871 1429 1927 responderet
1449 1885 1500 1915 se
1522 1884 1615 1915 non
1637 1884 1723 1917 au·

446 1938 555 1981 dere
591 1938 678 1981 hoc
714 1939 866 1981 facere
898 1938 957 1981 de
997 1938 1088 1989 die,
1125 1937 1246 1981 dixit
1287 1938 1330 1981 ei
1364 1943 1418 1981 ut
1453 1938 1626 1982 faceret
1661 1938 1720 1983 de

448 2012 611 2056 nocte;
650 2018 743 2060 quo
775 2005 1002 2059 indignati
1028 2004 1246 2048 Saraceni
1274 2011 1437 2048 contra
1465 2005 1719 2061 principem

445 2085 598 2123 suum,
619 2071 836 2114 volebant
849 2085 952 2114 eum
972 2071 1192 2115 occidere.
1246 2070 1547 2115 Adscendens
1563 2077 1720 2116 autem

445 2138 632 2194 quidam
652 2143 703 2180 ut
724 2151 904 2181 crucem
925 2138 1191 2193 deponeret,
1210 2150 1430 2180 corruens
1447 2137 1721 2194 exspiravit.

447 2205 581 2247 Alius
615 2217 801 2260 quoque
827 2205 885 2247 ad
913 2204 1031 2247 idem
1058 2204 1286 2259 agendum
1312 2203 1616 2256 adscendens,
1643 2217 1723 2249 ca·

444 2284 544 2313 sum
574 2270 768 2313 similem
801 2271 1049 2327 experitur.
1120 2270 1283 2314 Tertia
1315 2283 1425 2314 vero
1451 2270 1526 2314 die
1552 2283 1723 2316 conve-

446 2338 599 2380 niente
649 2349 820 2391 magna
865 2336 1171 2387 multitudine,
1222 2342 1275 2379 ut
1313 2336 1557 2380 oedificium
1602 2336 1718 2382 illud
1812 2367 1823 2374 ν

444 2403 663 2454 dirueret,
706 2403 838 2446 multi
879 2403 936 2445 de
974 2404 1042 2446 eis
1086 2404 1405 2446 coruscatione
1450 2407 1498 2446 et
1538 2402 1722 2459 fulgure

444 2469 691 2525 perierunt.
761 2468 895 2512 Tunc
920 2468 1065 2512 fertur
1093 2469 1364 2524 apparuisse
1393 2469 1587 2524 angelus
1617 2469 1719 2515 Do·

447 2546 572 2586 mm,
611 2541 658 2578 et
685 2534 989 2578 clarissimum
1019 2536 1201 2589 signum
1237 2537 1388 2578 crucis
1421 2548 1564 2592 super
1590 2535 1718 2581 illam

489 2716 500 2738 ²
522 2719 532 2737 ⁶
547 2719 765 2751 Solemnitate
783 2718 944 2752 Paschall
957 2715 977 2760 ς’
993 2719 1045 2752 Μ.
1142 2718 1157 2740 ⁸
1178 2719 1331 2753 Omitted
1347 2721 1382 2753 in
1398 2719 1491 2754 ΠΛ.

490 2763 504 2782 ⁹
526 2765 614 2797 Now
631 2766 811 2799 Moutoire.
