1930 3172
430 226 521 272 322
925 238 1023 271 κιο.
1044 236 1241 270 ‘rmvtm

220 354 410 383 'rt-ww
439 345 735 389 securitatem
768 343 909 387 saciat
943 342 1237 399 petitoribus,
1269 347 1317 385 et
1352 339 1640 394 custodibat,
1668 346 1719 385 ot.

221 389 418 450 “ffi-Rf
440 412 761 457 communitati
798 411 927 466 regni
962 410 1133 454 Scotiae
1159 408 1430 453 restituendi
1464 407 1584 451 idem
1613 419 1718 463 reg-

442 492 551 523 num
574 492 679 522 cum
708 484 809 522 tota
834 477 1096 532 regalitate,
1127 476 1371 532 dig-nitate,
1404 474 1626 527 dominio,
1660 473 1717 518 li-

442 547 714 595 bertatibus‚
759 544 1185 594 consuetudinibus,
1242 541 1456 599 justitiis,
1521 540 1718 597 legibus,

444 613 622 665 usibus,
663 611 1051 669 possessionibus,
1092 616 1139 654 et
1174 610 1542 666 quibuscumque
1575 608 1718 665 perti·

445 679 631 732 nentiis,
673 679 721 722 in
757 677 916 721 eodem
954 682 1080 721 statu
1121 677 1167 720 in
1198 689 1292 732 quo
1325 681 1458 719 erant
1494 680 1603 719 aute
1631 674 1719 718 sei·

444 746 595 789 sinam
641 745 729 789 sibi
769 744 1003 796 traditam,
1049 749 1098 787 et
1139 742 1353 786 liberabit
1388 741 1455 785 illi
1498 741 1575 785 cui
1609 741 1718 799 June

445 813 642 856 debetur
695 810 946 855 secundum
993 810 1220 868 Judicium
1265 808 1540 864 regalitatis,
1585 807 1720 852 salvo

448 880 543 934 regi
569 878 756 934 Angliae
784 878 1001 933 homagio
1031 877 1157 919 illius
1181 876 1261 932 qui
1296 888 1380 918 rex
1411 874 1535 928 erit;
1572 879 1622 919 ot
1640 874 1723 919 do-

446 948 526 990 bet
555 946 654 989 haec
693 945 927 989 restitutio
961 943 1059 987 fieri
1092 942 1212 986 infra
1241 942 1359 986 duos
1385 953 1567 985 menses
1588 953 1618 984 a
1643 940 1721 985 die

447 1026 542 1070 quo
575 1012 711 1056 suerit
744 1012 831 1055 hoc
868 1011 951 1069 jus
993 1011 1252 1053 discussum
1287 1014 1430 1065 atque
1467 1008 1721 1052 firmatum:

451 1076 629 1123 'exitus
669 1079 903 1136 praedictae
947 1083 1083 1121 terrae
1121 1076 1271 1120 medio
1306 1081 1515 1131 tempore
1556 1074 1721 1132 recipi·

449 1152 607 1198 antur,
634 1152 682 1190 et
713 1147 760 1189 in
786 1146 919 1189 salvo
948 1144 1161 1200 deposito
1196 1148 1493 1199 reponantur,
1529 1147 1578 1186 et
1606 1142 1724 1186 bene

449 1214 775 1258 custodiantur
811 1226 894 1269 per
927 1224 1114 1254 manum
1156 1210 1397 1253 camerarii
1435 1208 1607 1253 Scotim
1641 1209 1722 1264 qui

451 1294 573 1324 nunc
605 1285 693 1331 est,
716 1285 763 1323 et
797 1279 923 1322 illius
960 1291 1095 1334 quem
1128 1276 1387 1331 assignabit
1414 1275 1473 1319 ad
1514 1274 1603 1319 boc
1635 1287 1719 1319 rex

453 1346 654 1402 Anglioe,
677 1352 725 1390 et
754 1346 840 1389 boc
871 1346 958 1388 sub
980 1345 1146 1399 sigillis
1168 1356 1343 1395 eorum,
1365 1342 1500 1385 salva
1519 1342 1725 1386 rationa-

452 1415 533 1457 bili
566 1413 905 1456 sustentatione
932 1417 1085 1462 terrae,
1113 1416 1161 1453 et
1197 1415 1455 1453 castrorum
1490 1408 1724 1452 ministro-

454 1494 646 1537 rumque
688 1478 832 1534 regni.
902 1478 960 1521 In
996 1477 1307 1521 testimonium
1347 1471 1574 1518 'omnium
1603 1486 1723 1532 prm-

452 1548 678 1592 dictorum
711 1546 1012 1603 apposuimus
1037 1544 1095 1587 ad
1120 1544 1205 1586 bas
1234 1543 1414 1586 litteras
1443 1541 1600 1597 sigilla
1621 1554 1728 1587 nos-

453 1621 541 1659 tra.
614 1614 788 1657 Datum
811 1612 933 1669 apud
960 1611 1214 1660 Non-eham,
1239 1609 1313 1652 die
1339 1609 1560 1652 Mercurii
1580 1621 1724 1665 prox-

453 1683 546 1725 ima
570 1687 676 1737 post
699 1679 1030 1724 Asceusionem
1056 1677 1260 1729 Domini,
1292 1689 1415 1719 anno
1436 1674 1604 1731 gratim
1624 1674 1726 1719 mil·

453 1749 615 1792 lesimo
633 1747 948 1790 ducentesimo
975 1745 1274 1800 nonagesimo
1294 1742 1473 1799 primo.'

523 1815 630 1859 Has
651 1814 768 1856 duas
787 1813 967 1856 litteras
989 1812 1115 1854 misit
1135 1824 1217 1853 rex
1244 1809 1431 1863 Angliae
1451 1809 1540 1851 sub
1568 1806 1726 1864 sigilio

454 1895 542 1926 suo
576 1881 760 1937 privato
804 1879 861 1922 ad
904 1879 1089 1922 diversa
1128 1876 1426 1927 monasteria,
1480 1874 1610 1930 regui
1655 1874 1727 1919 sui

455 1962 579 1992 anno
603 1947 782 1991 decimo
820 1958 959 1996 nono,
997 1950 1050 1988 ut
1082 1943 1140 1987 ad
1174 1948 1447 1999 perpetuam
1484 1942 1550 1985 rei
1580 1946 1726 1997 gcstoe

458 2015 724 2059 memoriam
761 2014 808 2056 in
849 2012 1078 2055 chronicis
1116 2015 1408 2066 ponerentur.
1494 2007 1568 2051 De
1605 2019 1727 2051 com-

456 2082 584 2125 muni
607 2081 750 2137 igitur
776 2092 967 2123 assensu
999 2078 1226 2135 majorum
1256 2076 1388 2130 regni
1422 2074 1610 2126 Scotioe,
1643 2086 1727 2119 rex

457 2155 626 2192 terram
650 2148 798 2204 ipsam
830 2147 876 2189 in
908 2157 1040 2188 suam
1068 2144 1250 2200 accepit
1263 2141 1539 2193 custodiam,
1559 2153 1732 2198 quous-

457 2229 549 2272 que
586 2214 743 2258 debita
779 2212 1066 2258 discussione
1102 2210 1262 2254 habita
1290 2209 1348 2253 de
1380 2208 1591 2264 legitimo
1619 2219 1730 2252 cou-

457 2288 603 2326 staret
625 2280 804 2325 herede.

244 2360 334 2386 mu».
346 2359 379 2386 οῖ
527 2349 701 2392 Eodem
723 2359 864 2398 anno,
886 2346 1012 2389 circa
1035 2345 1203 2388 festum
1233 2343 1358 2387 beati
1380 2341 1581 2385 Joauuis
1604 2340 1731 2398 Bap-

241 2393 434 2459 gfff'm
461 2417 602 2467 tistae,
643 2414 865 2458 Alienora
910 2417 1059 2455 mater
1109 2410 1234 2466 regis
1278 2407 1620 2453 Ambresburiae
1658 2413 1732 2452 est

459 2482 698 2530 defuncta;
730 2485 919 2537 propter
937 2477 1060 2535 quod
1083 2490 1166 2520 rex
1188 2477 1246 2520 de
1265 2475 1457 2520 Scotia
1443 2488 1491 2518 ιιι
1514 2474 1732 2529 Angliam

461 2549 614 2600 rediit,
654 2552 707 2592 ut
749 2548 887 2590 sunus
933 2550 1189 2589 maternum
1234 2543 1486 2599 sepultura
1532 2541 1736 2600 traderet

459 2617 615 2659 debito
635 2628 739 2658 cum
770 2613 957 2657 honore.
1027 2611 1269 2667 Sepultum
1292 2611 1449 2665 itaque
1469 2613 1542 2652 est
1565 2619 1734 2664 corpus

563 2759 586 2783 ι.
598 2749 777 2783 andi-tn
788 2744 1040 2789 3⁹171cherias.
1083 2743 1091 2788 Ι
1191 2739 1547 2784 ‘uuistorumomimff
1561 2740 1732 2776 naetlr.
