1930 3172
244 335 433 396 mm,

245 403 411 429 diuturne

245 437 386 463 οοιιιιόοω
387 437 430 463 ed

253 2006 295 2031 st.
309 2004 450 2031 Damnate.

461 207 547 250 19⁴
940 218 1035 250 mc,
1066 217 1263 250 τιιινιιτι

461 323 552 368 dici
587 323 720 367 tinem
746 323 968 375 omnium,
1000 323 1123 379 quod
1158 324 1314 366 omnia
1352 328 1462 366 sunt
1493 332 1736 367 reversura

462 391 509 434 in
540 390 674 442 Eum,
709 396 761 433 ut
795 391 843 433 in
878 390 983 434 Duo
1018 389 1366 433 immutabiliter
1394 389 1652 445 quiescant,
1685 393 1738 433 et

463 471 603 501 unum
625 457 940 501 individuum'
929 470 976 500 ιιι
996 457 1064 500 Εο
1079 462 1220 513 atque
1241 456 1615 501 incommutabile
1634 468 1734 512 per-

462 526 739 568 manebunt:
767 531 815 567 et
837 525 958 567 sicut
972 524 1164 567 alterius
1186 530 1364 567 naturae
1388 537 1477 566 non
1496 529 1568 567 est
1588 521 1738 568 Abn-

462 591 586 643 bam,
621 592 813 635 alterius
850 591 1000 643 Isaac,
1038 590 1120 634 sed
1156 591 1292 634 unius
1318 604 1374 634 ac
1403 589 1638 647 ejusdem,
1667 590 1738 634 sic

461 658 582 701 dixit
621 659 778 701 omnia
813 670 915 700 esse
949 670 1108 709 unum,
1147 664 1195 700 et
1228 659 1384 701 omnia
1420 670 1522 700 esse
1564 656 1738 701 Duum

465 725 600 768 Dixit
629 724 750 767 enim
784 724 932 767 Dnuu
965 737 1068 767 esse
1095 724 1341 767 essentiam
1373 724 1576 767 omnium
1605 735 1736 768 crea-

464 797 686 842 turarum,
719 796 767 833 et
796 804 898 834 esse
938 790 1159 833 omnium.
1230 790 1406 834 Iterum
1440 790 1578 843 dixit,
1600 789 1736 847 quod

463 858 584 900 sicut
625 858 707 900 lux
751 870 844 900 non
886 856 1070 900 videtur
1110 857 1158 899 in
1195 869 1262 908 se,
1298 857 1459 900 sedin
1490 869 1626 909 aere·
1649 857 1738 902 -ἑο

466 924 604 968 Βιιυε
642 937 725 967 nec
755 924 815 967 ab
846 923 1044 974 bomine,
1079 936 1164 966 nec
1194 924 1254 966 ab
1286 923 1454 979 angelo
1491 922 1738 976 videbitura

463 991 542 1034 sed
575 996 755 1034 tantum
781 990 828 1033 in
859 990 1100 1034 creaturis.
1174 989 1350 1033 lterum
1373 990 1589 1044 asoeruit,
1611 989 1737 1048 quod

463 1058 503 1101 si
527 1058 664 1101 bomo
685 1070 776 1101 non
807 1063 1062 1113 peccasset,
1088 1057 1136 1099 in
1159 1056 1388 1113 duplicem
1409 1070 1574 1101 sexum
1591 1057 1740 1114 parti-

465 1131 540 1168 tus
563 1138 656 1168 non
681 1124 860 1175 fuisset,
884 1138 968 1167 nec
991 1129 1274 1179 generasset,
1299 1124 1380 1168 sed
1403 1137 1461 1168 eo
1483 1123 1622 1169 modo
1642 1134 1738 1181 qno

462 1192 618 1246 angeli
647 1190 940 1247 multiplicati
975 1197 1103 1243 sunt,
1139 1190 1433 1246 multiplicati
1464 1191 1663 1235 fuissent
1688 1198 1739 1236 ct

464 1258 683 1301 homines.
757 1258 819 1301 Et
849 1258 971 1313 quod
1003 1264 1108 1313 post
1138 1258 1515 1301 resurrectionem
1545 1263 1740 1315 uterque

463 1338 606 1369 sexus
635 1325 929 1375 adunabitur,
959 1325 1081 1368 sicut
1103 1323 1181 1381 (ιιι
1201 1323 1392 1382 asserit)
1415 1324 1502 1368 suit
1529 1325 1660 1382 prius
1689 1326 1740 1370 lu

463 1393 723 1435 creatione:
755 1397 803 1434 et
832 1391 971 1435 talem
1004 1391 1126 1435 dixit
1156 1391 1420 1435 Οιιιιιετυιι
1456 1391 1600 1436 fuisse
1633 1398 1740 1449 post

466 1459 861 1502 resurrectionem.
940 1458 1035 1511 Qui
1079 1471 1238 1501 omnes
1278 1471 1457 1501 errores
1498 1458 1741 1504 inveniun-

469 1532 546 1568 tur
572 1526 618 1568 iu
645 1522 802 1577 ¹libro,
824 1525 905 1581 qui
928 1525 1192 1568 intitulatur
1213 1521 1348 1568 'Peri
1373 1524 1616 1581 Pbyseos·
1656 1526 1740 1583 qui

467 1593 583 1635 liber
612 1592 806 1636 Parisiis
836 1591 1025 1650 ponitur
1044 1592 1167 1635 inter
1186 1592 1304 1635 alios
1323 1591 1464 1635 libros
1484 1592 1743 1640 damnatu-

470 1659 568 1702 Iste
598 1659 862 1703 Amalricus
890 1658 1083 1701 Parisiis
1109 1671 1213 1701 cum
1234 1659 1333 1702 suis
1355 1659 1631 1715 sequacibus
1652 1659 1742 1705 ruit

467 1726 753 1769 combustus.
838 1725 1024 1769 Dixerit
1056 1725 1197 1769 etiam
1230 1726 1352 1769 inter
1385 1725 1495 1778 alia,
1530 1726 1656 1783 quod
1692 1727 1741 1771 ln

467 1793 663 1836 caritate
693 1792 960 1835 constitutis
995 1792 1171 1835 nullum
1205 1798 1445 1848 peccatum
1479 1793 1743 1850 imputaba-

469 1865 560 1910 tur,
597 1858 719 1902 unde
747 1859 835 1902 sub
872 1858 956 1902 tali
984 1859 1137 1914 specie
1170 1859 1357 1914 pietatis
1385 1859 1487 1915 ejus
1517 1871 1742 1916 sequaces

467 1939 648 1969 omnem
671 1924 1000 1981 turpitudinem
1019 1925 1383 1969 committebant.

537 1992 749 2036 Instante
790 1997 1011 2047 tempore,
1050 2005 1144 2048 quo
1184 1992 1366 2047 proelati
1407 1992 1467 2036 ad
1504 1992 1592 2036 boc
1630 2006 1743 2038 con-

468 2059 623 2102 cilium
662 2072 715 2101 se
753 2060 998 2115 parabant,
1039 2059 1155 2102 civis
1199 2059 1387 2114 quidam
1430 2059 1742 2112 Tbelo-anus,

469 2127 652 2169 nomine
674 2125 858 2177 Petrus,
884 2138 936 2168 se
958 2131 1006 2169 et
1025 2125 1188 2169 domos
1207 2138 1318 2168 suas
1340 2125 1743 2183 aedificiis-specto·

468 2193 600 2245 biles,
628 2205 745 2249 quas
778 2193 977 2236 babebat
1002 2191 1146 2248 juxta
1174 2198 1396 2245 castrum,
1419 2193 1558 2237 beato
1586 2193 1744 2238 Domi-

468 2260 574 2303 nico
608 2260 792 2311 obtulit,
836 2265 890 2302 ut
927 2260 973 2302 in
1015 2259 1081 2301 eis
1119 2272 1225 2303 cum
1269 2260 1357 2303 sibi
1397 2259 1742 2304 adhaet'entibu·

469 2326 714 2369 habitaret.
792 2326 937 2370 Fulco
988 2338 1099 2369 vero
1144 2326 1438 2370 Tholosanus
1482 2326 1743 2384 episeopus,

468 2392 574 2435 fidei
602 2393 778 2436 zelator
803 2393 1018 2444 eximius,
1041 2398 1223 2436 sextam
1248 2398 1425 2449 partem
1447 2393 1745 2447 decimarum,

518 2558 526 2578 ¹
561 2561 721 2602 Namely,
757 2560 831 2593 that
863 2561 902 2593 os
937 2559 1087 2593 Joannes
1120 2560 1364 2602 Scuta-,abhoc
1374 2558 1742 2603 attalanae-gh

468 2609 590 2641 Scotu-
624 2608 785 2650 Erigena,
821 2607 979 2640 intituled
1008 2605 1087 2650 περὶ
1124 2607 1271 2640 wmim
1280 2607 1319 2641 of
1329 2606 1740 2650 Malmburyffl

468 2652 612 2698 φύσει»
625 2654 809 2699 μερισμοῦ.
853 2654 1018 2688 Mabmon
1032 2663 1086 2686 υ·
1119 2654 1263 2688 themo.
1312 2655 1376 2688 See
1390 2655 1433 2689 Β.
1446 2654 1545 2689 Rs.
1557 2654 1624 2689 ffl-
1634 2653 1740 2688 voLl.

469 2706 556 2734 seru
575 2701 650 2735 tbat
668 2702 820 2735 joanne·
841 2701 990 2744 Erigone
1010 2701 1042 2733 is
1064 2710 1087 2733 a
1119 2710 1179 2743 pp.
1196 2704 1353 2736 leodw-

468 2748 623 2781 different
656 2758 776 2790 pernen
814 2748 898 2782 ιιοιι
935 2748 1087 2783 Joannes
1167 2745 1180 2766 ¹
1200 2748 1211 2767 ‘
1230 2748 1311 2782 Peri
1327 2748 1523 2789 Phyma-5⁹
1544 2745 1718 2782 landr-

1704 2801 1727 2829 ἱ
