1930 3172
400 211 488 255 156
888 225 985 257 uic.
1007 224 1204 257 τιιινιιτι

402 342 495 373 rem
522 331 643 385 regis
670 330 908 374 Danorum
941 344 1031 375 non
1059 331 1146 375 rite
1175 331 1368 382 sactum,
1398 343 1482 387 per
1500 329 1679 375 omma

401 396 545 439 tinum
570 410 737 453 papam
762 397 809 440 in
831 398 1009 441 irritum
1034 404 1291 441 revocatur.
1347 397 1459 441 Dux
1475 395 1683 442 Austri:

403 462 692 519 Limpoldus,
712 478 815 507 cum
844 464 1122 508 Natalitium
1155 464 1278 520 apud
1312 460 1542 508 'Gratiam
1571 475 1683 519 age-

401 536 487 581 ret,
511 531 557 573 iu
587 530 661 573 die
691 531 738 573 S.
761 531 983 587 Stephani
1013 544 1134 588 equo
1166 532 1340 587 lapsus.
1369 531 1525 574 subita
1551 529 1681 587 pedi·

400 597 640 640 attritione
670 598 907 641 sauciatur
940 605 1034 641 tam
1064 598 1333 654 periculose,
1369 597 1493 654 quod
1524 608 1682 641 neees-

400 663 540 706 sitate
573 670 780 718 urgente,
808 670 859 707 ut
883 671 1075 708 mortem
1107 665 1418 708 imminentem
1442 663 1678 715 evaderet,

403 730 611 772 abscindi
638 743 742 773 eum
776 731 884 774 fecit
910 731 968 774 de
999 731 1194 775 consilio
1225 731 1533 784 medicorum;
1561 730 1681 775 divi·

402 809 506 838 nam
535 797 583 839 in
616 810 667 839 se
694 796 913 840 ultionem
941 804 1179 853 expertus,
1214 811 1299 854 pro
1333 798 1455 853 regis
1489 796 1679 842 mardi

400 858 637 918 'captione
662 863 850 919 injusta.

727 1025 758 1050 r.
776 1025 994 1050 nonno-uu
1012 1025 1046 1051 ι.
1159 1019 1166 1063 Ι
1200 1025 1407 1050 runco-mi
1441 1019 1652 1063 μισιοισ·

446 1082 589 1107 ucxcvi.
642 1083 898 1109 emmunim.
934 1084 1140 1109 ιιικυοινι.
1197 1083 1343 1108 rmum
1361 1083 1400 1108 u.
1466 1082 1653 1111 ιωοιι.

994 1126 1027 1156 6.
1043 1125 1077 1156 ο.
1277 1123 1331 1155 15.
1536 1124 1572 1156 7.

465 1257 685 1309 Jonuu,
723 1272 854 1303 soror
886 1259 1009 1315 regis
1051 1259 1260 1312 Ricardi,
1299 1261 1460 1316 regins
1490 1260 1679 1316 Sicilia,

399 1325 557 1367 comiti
601 1325 650 1368 S.
674 1325 851 1380 AEgidii
894 1326 1220 1381 desponsatur.
1302 1327 1479 1372 Seditio
1515 1334 1682 1373 eontra

399 1405 554 1446 regem
592 1391 844 1435 Ricardum
880 1393 926 1436 iu
962 1394 1154 1437 civitate
1192 1393 1505 1438 Londoniensi
1531 1395 1680 1440 susei-

400 1463 501 1501 tata
522 1464 595 1501 est
622 1472 704 1514 per
726 1458 955 1515 quendam
978 1455 1255 1503 ’Walterum
1283 1461 1427 1504 mium
1458 1461 1679 1517 Osbertlg

402 1525 481 1580 qui
534 1525 628 1568 cito
678 1532 784 1581 post
831 1531 997 1582 captus
1038 1526 1207 1581 dignas
1248 1527 1334 1570 luit
1373 1527 1562 1573 sceleris
1602 1529 1680 1575 sui

404 1604 582 1646 poenas.
668 1592 919 1646 Inundatio
970 1605 1194 1648 aquarum
1249 1599 1381 1638 tanta
1430 1594 1558 1639 facta
1605 1601 1681 1641 ent

404 1657 613 1710 Parisiis,
641 1665 693 1702 ut
723 1659 1035 1703 intumescens
1070 1660 1289 1716 Sequana
1320 1660 1538 1706 fluctibus
1571 1674 1679 1719 pro·

402 1725 586 1768 cellesis
607 1726 764 1769 omnia
783 1727 908 1770 circa
929 1740 981 1769 se
1003 1727 1289 1780 involverem
1326 1728 1394 1771 ita
1424 1733 1477 1772 ut
1499 1727 1679 1786 Philip-

403 1805 490 1847 pus
512 1791 793 1835 Francorum
817 1806 898 1836 rex
930 1793 1092 1837 relicto
1122 1794 1182 1836 ob
1210 1793 1297 1837 hoc
1330 1794 1505 1850 palatio
1530 1807 1680 1852 usque

401 1858 452 1901 S.
473 1857 777 1910 Geuovei'am,
795 1865 841 1902 et
861 1860 1107 1915 episcopus
1131 1859 1292 1903 relicta
1312 1860 1509 1904 eeclesia
1530 1874 1679 1918 usque

402 1924 459 1967 ad
500 1925 548 1967 S.
573 1924 810 1968 Victorem
855 1927 1166 1981 pernoctaturi
1202 1927 1496 1971 accesserint.
1567 1926 1679 1972 Phi·

403 1991 557 2047 lippus
595 1991 878 2035 Francorum
906 2006 989 2036 rex
1023 1992 1275 2036 Ricardum
1314 1993 1570 2049 Anglorum
1605 2007 1679 2038 re-

402 2072 505 2112 gem
546 2058 875 2114 interpellavit,
911 2065 963 2102 ut
1002 2059 1162 2102 electis
1195 2058 1435 2104 hincinde
1474 2060 1680 2118 quinque

403 2124 624 2167 militibus
655 2125 1038 2169 disrationaretur
1061 2125 1142 2182 jus
1174 2127 1414 2183 utriusque
1443 2127 1567 2183 regis
1597 2141 1680 2184 per

404 2205 501 2242 eos,
532 2198 582 2234 ut
611 2193 793 2247 utrique
825 2192 997 2248 populo
1021 2188 1223 2247 ⁴guerris
1244 2198 1419 2237 vexato
1439 2193 1499 2237 de
1526 2198 1682 2241 cetero

405 2264 685 2313 parceretur.
755 2258 937 2303 Annuit
972 2272 1053 2302 rex
1093 2259 1322 2303 Ricardus
1351 2256 1587 2316 ‘petitioni
1621 2273 1682 2308 e·

405 2325 682 2377 conditione,
726 2332 776 2368 ut
817 2339 878 2368 ex
923 2331 1121 2381 utraque
1165 2332 1297 2382 parte
1340 2327 1486 2371 vicem
1527 2326 1681 2383 quinti

406 2391 563 2434 militis
590 2392 636 2434 in
668 2392 856 2447 propria
883 2405 1082 2447 persona
1110 2406 1192 2435 rex
1215 2392 1465 2449 suppleret.
1532 2392 1681 2439 Joau-

454 2544 463 2565 ¹
489 2546 577 2579 Now
594 2545 713 2579 Grau.
1059 2546 1681 2591 Brompton,ll73.04;1)ioeh‚fll.

452 2590 466 2610 ¹
486 2595 497 2612 ⁴
514 2593 741 2634 captivatione
754 2589 773 2632 ς’
797 2592 849 2626 u.
864 2596 896 2625 et
911 2592 1023 2626 Δη-
1061 2595 1124 2632 1ος
1147 2595 1214 2627 and
1232 2594 1411 2637 Hoveden,
1425 2598 1505 2638 eu,
1519 2593 1588 2630 ull
1608 2595 1679 2630 M·

407 2639 473 2671 For
493 2650 515 2671 a
540 2640 806 2672 circumstantis]
826 2643 972 2673 aeeount
990 2639 1030 2672 os
1060 2640 1208 2674 William
1226 2642 1455 2676 Vita-Osbert.

406 2686 462 2718 the
487 2682 693 2719 mhduke'·
717 2686 895 2720 miserable
921 2686 1023 2719 death
1107 2686 1120 2706 ⁴
1143 2690 1153 2706 ‘
1170 2698 1231 2730 per
1246 2698 1388 2730 guerras
1402 2683 1557 2728 vex-toz·
1580 2686 1682 2725 nat

406 2742 463 2764 sce
481 2732 591 2773 Roget
604 2732 643 2765 of
655 2732 856 2774 Wendover,
871 2733 920 2766 m.
935 2736 990 2766 88.
1043 2763 1045 2770 ‚
1062 2733 1125 2766 Ar.

453 2777 467 2798 ⁸
491 2778 602 2820 {loger
615 2778 654 2812 of
675 2779 878 2820 wendover,
899 2780 947 2813 iii.
962 2781 1024 2819 Ως
1042 2782 1046 2820 1
1107 2778 1120 2798 ⁸
1142 2782 1152 2799 ⁴
1166 2782 1358 2822 petitionem
1371 2777 1391 2821 ς’
1408 2781 1471 2814 Δι’.
