1930 3172
482 221 569 265 364
961 237 1059 269 mo.
1090 237 1285 270 rain-ri

484 338 627 383 levari
656 339 859 383 facerent
889 347 1104 385 octavum
1132 342 1370 386 denarium
1399 354 1429 385 a
1461 341 1650 399 populo,
1672 341 1753 401 qul

484 406 582 460 regi
634 420 880 450 concessus
934 409 1084 452 fuerat
1134 409 1257 465 apud
1310 409 1358 452 S.
1416 407 1754 452 Eadmundum.

484 471 623 515 Cives
663 474 803 517 etiam
852 474 1194 519 Londoniarum
1239 475 1536 527 induxerunt,
1577 480 1630 519 ut
1669 487 1755 532 pro

484 540 809 595 recuperandis
837 542 934 584 suis
953 542 1244 586 libertatibus
1266 555 1421 585 secum
1442 546 1637 586 starent.

553 605 660 649 Hoc
694 620 817 650 anno
855 608 911 651 B.
952 608 1230 661 Lodovicus,
1271 609 1551 652 Francorum
1588 620 1688 660 rex,
1722 619 1753 652 ι

482 684 607 727 papa
641 673 879 716 Bonifacio
911 681 1176 719 sanctorum
1209 676 1425 730 catalogo
1450 681 1523 719 est
1548 674 1755 731 adscrip-

484 743 573 780 tus.
659 738 862 783 civitate
900 740 1135 796 Nepesina
1174 748 1461 797 expugnata,
1494 741 1753 786 cardinnle·

483 803 713 858 fugientes
750 819 800 849 se
832 814 1101 862 receperunt
1136 808 1183 851 in
1221 808 1392 863 oppido
1425 807 1482 851 de
1508 806 1752 852 Columna.

484 869 618 926 Papa
647 871 915 916 Bonifacius
944 874 1297 917 constitutiones
1323 873 1548 930 quasdam
1578 873 1752 930 prode-

479 950 712 981 cessorum
752 952 938 982 suorum
975 946 1111 983 extra
1143 948 1383 995 vagantes,
1424 939 1753 1001 adiectis-qui·

450 1029 458 1038 ·
480 1004 674 1047 busdam
697 1006 850 1057 novis,
881 1007 927 1049 in
953 1019 1094 1049 unum
1119 1007 1333 1050 volumen
1363 1007 1508 1062 redigi
1529 1006 1639 1051 fecit
1665 1006 1753 1052 boo

478 1083 628 1124 anno;
666 1072 807 1127 quod,
842 1074 979 1116 tertio
1010 1073 1084 1116 die
1120 1073 1250 1124 Maii,
1286 1086 1439 1117 coram
1478 1074 1752 1118 consistorio

477 1136 646 1180 lectum
680 1144 727 1182 et
759 1141 1083 1195 approbatum,
1113 1141 1356 1184 constituit
1383 1145 1568 1184 sextum
1594 1140 1750 1184 decre·

478 1204 640 1246 talium
664 1206 904 1261 appellari.

545 1270 718 1314 Eodem
757 1285 879 1316 anno
923 1273 1040 1315 idem
1084 1286 1208 1329 papa
1246 1273 1375 1317 fratri
1417 1272 1653 1318 Willelmo
1691 1273 1750 1318 de

389 1353 425 1379 σν
478 1331 712 1390 Ἠοῐουυ,
749 1339 891 1394 priori
925 1340 1196 1395 provinciali
1238 1340 1432 1383 fratrum
1469 1339 1750 1384 Praedimto-

477 1417 576 1446 rum
604 1403 809 1459 AngHae,
837 1406 1282 1462 archiepiscopatum
1314 1406 1511 1450 contulit
1535 1406 1751 1452 Dublini-

476 1483 651 1522 ensem,
690 1471 938 1526 indulgens
978 1473 1143 1524 eidem,
1182 1479 1235 1515 ut
1277 1486 1306 1515 a
1347 1486 1624 1529 quocunque
1657 1474 1752 1530 epi-

479 1550 620 1592 scopo
650 1538 895 1590 catholico,
925 1544 973 1581 et
1006 1540 1268 1595 ubicunque
1295 1539 1563 1590 decreverit,
1595 1539 1751 1584 valeat

479 1605 754 1647 consecrari.
845 1605 939 1648 Hic
994 1605 1135 1648 frater
1180 1606 1460 1656 willelmus.
1502 1611 1750 1662 postquam

479 1670 682 1713 ordinem
716 1671 953 1725 ingressus
982 1678 1071 1724 est,
1100 1686 1203 1715 cum
1239 1679 1362 1716 esset
1392 1673 1463 1716 vir
1495 1673 1750 1718 acutissimi

480 1737 667 1791 ingenii,
702 1736 866 1781 doctor
894 1739 941 1781 in
981 1739 1214 1794 theologia
1246 1738 1438 1783 Parisiis
1483 1739 1635 1783 sactus
1663 1744 1753 1784 ent.

483 1803 597 1846 Erat
626 1810 780 1847 autem
806 1805 1042 1861 jocundus
1074 1806 1120 1848 in
1152 1806 1319 1857 verbis,
1357 1806 1404 1849 in
1434 1805 1579 1849 affatu
1609 1805 1750 1862 placi-

478 1869 581 1921 dus,
625 1871 859 1925 religionis
893 1871 1118 1923 honestae,
1154 1872 1199 1914 in
1235 1873 1436 1915 omnium
1466 1871 1613 1915 oculis
1642 1884 1750 1927 gra·

481 1936 655 1979 tiosus:
697 1938 793 1992 qui,
830 1950 934 1980 cum
980 1951 1087 1993 rege
1118 1938 1165 1980 in
1201 1938 1466 1981 Flandriam
1500 1938 1751 1994 profectus,

478 2002 643 2045 ibidem
678 2016 707 2045 a
742 2003 928 2047 domino
960 2004 1262 2047 Dunelmensi
1308 2018 1477 2048 munus
1508 2017 1751 2048 oon-eorn-

479 2069 618 2112 tionis
648 2071 849 2125 accepit;
885 2084 967 2126 per
997 2071 1131 2127 cujus
1163 2071 1489 2115 mediationem
1525 2084 1585 2115 ex
1618 2076 1751 2127 parte

476 2134 796 2190 Anglicorum,
826 2143 874 2180 et
908 2137 1038 2180 ducis
1078 2138 1335 2181 Britanniae
1370 2151 1429 2181 ex
1462 2143 1595 2194 parte
1628 2136 1746 2182 Gal·

474 2202 686 2254 licorum,
742 2204 863 2246 inter
901 2216 1035 2258 reges
1072 2211 1277 2260 acceptae
1311 2210 1420 2248 suut
1452 2204 1663 2255 inducia,
1702 2209 1751 2249 et

475 2269 597 2312 ultra
631 2269 766 2312 datos
802 2272 1021 2313 terminos
1058 2272 1230 2326 saepius
1262 2277 1542 2327 prorogatae.
1624 2270 1749 2315 Inte-

475 2336 558 2377 rim
594 2349 704 2378 vero
734 2337 904 2379 diversi
941 2337 1047 2380 hinc
1082 2338 1188 2380 inde
1221 2337 1367 2381 habiti
1402 2342 1512 2381 sunt
1547 2336 1606 2381 de
1634 2349 1750 2394 paee

473 2402 593 2444 inter
625 2416 756 2457 reges
787 2403 1077 2446 reformanda
1117 2410 1361 2455 tractatus,
1390 2417 1587 2460 quorum
1625 2403 1748 2460 apud

472 2481 632 2510 omnes
674 2470 777 2511 finis
827 2470 1103 2525 sperabatur
1142 2476 1349 2526 optatus,
1402 2470 1442 2513 si
1488 2472 1546 2515 de
1588 2475 1749 2516 mutuo

520 2616 528 2636 ¹
553 2619 563 2636 ‘
579 2618 735 2658 Hotum'
752 2619 864 2653 Dm:
886 2619 1052 2652 ‘nouum
1068 2616 1091 2660 ς’
1126 2621 1193 2653 vol.
1216 2621 1240 2654 i.
1266 2623 1345 2660 ⁴⁵⁹,
1369 2620 1436 2653 and
1462 2620 1500 2654 ss.
1524 2623 1602 2655 ⁸86.
1674 2621 1749 2655 n·-

473 2665 522 2696 M.
540 2668 571 2696 et
591 2665 651 2698 Ar.
671 2668 759 2698 22⁰:
781 2668 792 2684 ‘
809 2664 1001 2706 Bothum5'
1016 2667 1091 2699 An:
1126 2667 1307 2708 mingfotd,
1336 2670 1411 2709 1⁴8,
1435 2667 1499 2700 hu
1520 2667 1742 2702 ‘Du-Und-

470 2712 530 2743 or‘
542 2711 701 2745 ‹mmez'
726 2713 851 2747 Queur
861 2713 928 2745 and
947 2713 1094 2754 uliud,
1126 2712 1242 2754 ensi-‚⁹
1257 2715 1319 2747 but
1331 2714 1561 2756 εει-Μᾶγ-

470 2757 514 2789 de
525 2759 649 2798 script.
661 2759 747 2792 Ord.
766 2759 1006 2799 hemminch
1022 2769 1093 2801 see,
