1930 3172
469 197 554 241 188
949 212 1045 245 κιο.
1077 213 1273 246 τιυνιιτι

248 321 437 385 ἑξῖοὼῶ-
467 328 656 371 reguum
684 316 924 361 Hiberniae
954 331 1058 361 cum
1090 320 1214 363 omni
1238 319 1346 376 jure
1376 326 1423 363 et
1454 319 1744 376 pertinentiis

248 396 327 423 m
463 382 578 433 suis,
614 397 697 439 pro
727 385 1038 440 redemptione
1067 394 1360 441 peccatorum
1394 393 1672 438 nostrorum.
1693 391 1743 431 et

466 450 609 492 totius
654 452 835 505 generis
872 453 1034 503 nostri,
1069 459 1162 495 tam
1206 467 1288 509 pro
1325 454 1444 496 vivis
1479 466 1620 510 quum
1655 465 1742 509 pm

464 515 710 568 defunctis,
744 524 792 560 et
820 518 987 561 amodo
1023 519 1104 562 illa
1133 533 1163 563 a
1200 520 1307 563 Dso
1341 527 1389 564 et
1415 520 1612 564 ecclesia
1646 518 1742 564 Ro-

465 595 618 635 mana,
645 591 865 640 tanquam
890 585 1137 639 seodarius‚
1166 588 1439 642 recipientes
1462 593 1511 631 et
1532 592 1744 631 tenente·

465 649 512 691 in
548 652 796 705 praesentia
835 651 1076 706 prudentis
1113 654 1201 696 viri
1241 652 1526 710 Pandulphi,
1567 652 1742 698 domiui

466 729 599 771 papoe
623 717 892 760 subdiaconi
911 724 958 760 et
981 718 1250 773 familiaris;
1281 720 1549 764 fidelitatem
1570 719 1740 764 exinde

463 782 650 825 domiuo
678 796 812 839 papoe
845 783 1067 839 praedicto
1096 785 1385 837 Innocentio,
1412 786 1608 844 ejusque
1633 798 1741 831 suo-

463 850 725 892 cessorihus
761 850 1032 902 Catholicis,
1064 857 1112 895 et
1147 852 1356 896 ecclesiae
1392 852 1637 906 Romnum,
1665 865 1742 897 se·

464 915 662 959 cundum
702 917 1008 972 subscriptam
1052 918 1262 970 sormam,
1301 925 1350 962 et
1385 919 1650 975 homagium
1685 918 1742 963 li·

464 983 589 1036 gium
621 982 766 1026 eidem
807 983 1016 1035 fecimus,
1049 986 1171 1029 sicut
1200 986 1246 1028 in
1287 986 1536 1041 praesentia
1567 986 1742 1030 domini

466 1062 599 1104 papa:
647 1049 884 1102 faciemus,
929 1064 1083 1094 coram
1126 1047 1208 1095 eo'
1227 1052 1596 1109 quandocunque
1639 1064 1743 1097 esne

467 1116 733 1170 poterimus.
803 1118 1102 1161 Successores
1124 1125 1306 1162 nostros
1329 1119 1388 1163 de
1411 1132 1559 1164 uxone
1580 1124 1743 1164 noctu-e

465 1183 511 1224 in
534 1190 804 1238 perpetuum
829 1184 1106 1239 obligantes,
1132 1193 1182 1229 ut
1202 1186 1340 1229 simili
1361 1187 1497 1230 modo
1518 1182 1742 1243 'pontiflci

465 1250 545 1305 qui
572 1263 655 1305 pro
685 1258 891 1306 tempore
920 1252 1072 1303 suerit,
1095 1259 1139 1295 et
1163 1253 1371 1296 ecclesiae
1394 1253 1619 1298 Romnum
1641 1253 1742 1297 sine

465 1316 829 1360 contradictione
871 1318 1068 1361 debeant
1111 1319 1379 1363 fidelitatem
1418 1326 1656 1375 pratum,
1691 1325 1741 1364 et

467 1382 730 1437 homagium
753 1398 1096 1440 recognoscere.

532 1456 544 1472 ‘
566 1450 639 1493 Ad
676 1451 893 1494 indicium
928 1452 1065 1509 hujus
1099 1460 1335 1509 perpetuae
1360 1459 1532 1497 nostrae
1560 1453 1740 1510 obliga·

466 1517 605 1559 tionis
635 1523 683 1560 et
712 1518 1023 1562 concessionis
1054 1520 1269 1563 volumus
1301 1526 1349 1563 et
1380 1520 1656 1572 stabilimus,
1687 1526 1743 1566 ut

463 1583 521 1626 de
552 1584 750 1640 propriis
778 1591 827 1628 et
852 1586 1131 1645 specialibus
1161 1587 1383 1630 reditibus
1418 1586 1742 1643 praedictorum

466 1664 712 1705 regnorum
764 1659 1023 1695 nostrorum
1080 1667 1164 1709 pro
1214 1654 1340 1696 omni
1392 1654 1742 1708 cousuetudine,

464 1730 602 1771 quam
632 1731 715 1773 pro
746 1718 860 1773 ipsis
890 1719 1041 1762 facere
1070 1720 1305 1772 debemus,
1327 1720 1462 1764 salvo
1483 1733 1566 1777 per
1586 1722 1744 1766 omnia

464 1783 653 1826 denario
691 1784 739 1827 S.
762 1785 907 1835 Petri,
934 1786 1130 1829 ecclesia
1166 1786 1382 1831 Romana
1408 1787 1534 1831 mille
1560 1799 1742 1832 marcus

465 1850 789 1905 sterlingorum
821 1853 1048 1908 percipiat
1076 1854 1346 1896 annuatim:
1379 1855 1527 1909 primo
1549 1854 1597 1897 iu
1619 1853 1741 1899 festo

466 1917 516 1959 S.
541 1917 786 1960 Michaelis
819 1919 1114 1974 quingentas,
1142 1925 1189 1962 et
1221 1920 1268 1962 in
1302 1919 1485 1963 Pascha
1520 1921 1743 1977 quingen-

467 1990 540 2026 tas
561 1997 573 2036 ;
604 1985 925 2039 septingentas
950 1999 1033 2041 pro
1057 1999 1199 2040 regno
1218 1986 1420 2042 Angliae,
1443 1993 1491 2030 et
1511 1993 1743 2032 trecentas

468 2063 552 2105 pro
583 2064 727 2105 regno
759 2050 1026 2095 Hiberniae:
1062 2052 1206 2095 salvis
1243 2054 1391 2105 nobis,
1418 2059 1467 2096 et
1498 2053 1743 2098 heredibus

471 2118 658 2167 nostris,
676 2117 891 2173 Justitiis,
912 2119 1219 2171 libertatibus,
1234 2125 1281 2163 et
1303 2120 1537 2175 regalibus
1555 2121 1743 2166 nostris.

469 2184 588 2235 Quae
604 2185 759 2226 omnia
778 2180 962 2243 ⁸[sicut]
982 2186 1251 2241 supradicta
1270 2194 1396 2238 sunt,
1418 2192 1521 2231 rata
1542 2200 1645 2231 esse
1658 2200 1744 2233 vo·

470 2250 634 2301 lentes,
658 2257 705 2294 et
726 2258 951 2308 perpetua
974 2258 1115 2308 atque
1139 2254 1286 2305 firma,
1309 2253 1569 2309 obligamus
1592 2267 1679 2299 nos
1697 2260 1748 2300 et

470 2330 759 2360 successores
787 2325 971 2361 nostros
1000 2325 1163 2363 contra
1193 2334 1284 2363 non
1312 2321 1490 2375 venire;
1522 2326 1570 2365 et
1591 2322 1633 2366 si
1657 2334 1746 2366 uos

472 2383 543 2426 vel
565 2384 734 2439 aliquis
760 2397 1076 2428 successorum
1109 2392 1367 2430 nostrorum
1397 2387 1486 2432 hoc
1514 2393 1747 2433 attentare

472 2452 832 2506 praesumpserit,
870 2452 1134 2508 quicunque
1164 2453 1302 2497 suerit
1338 2454 1431 2506 ille,
1468 2455 1556 2499 nisi
1585 2455 1748 2500 admo·

470 2517 596 2559 nitus
619 2518 876 2573 resipuerit,
900 2518 1038 2562 cadat
1057 2532 1086 2561 a
1100 2519 1209 2575 jure
1232 2522 1379 2576 regui.

518 2699 525 2717 ⁸
553 2702 705 2733 ‘summo
722 2699 900 2743 pontificis
920 2703 1013 2736 Mat
1024 2702 1088 2737 Ar.
1125 2704 1239 2744 Mss„
1264 2707 1294 2739 is
1317 2706 1477 2749 supplied
1501 2706 1585 2740 m-
1608 2705 1748 2749 Bynoe,

516 2746 528 2764 ²
549 2747 749 2789 mwotd,
763 2749 904 2782 omitted
920 2751 954 2783 in
969 2749 1016 2783 nu
1032 2750 1088 2783 the
1123 2752 1145 2784 i.
1165 2753 1239 2785 1⁷⁶.
