1930 3172
476 238 566 282 388
962 252 1059 284 mo.
1082 251 1279 286 reive-ri

480 361 617 400 cante
654 355 820 400 deinde
857 370 1001 413 regno
1040 358 1226 410 Scotioe,
1266 371 1348 414 per
1381 364 1574 403 mortem
1603 357 1752 403 Alex-

482 423 615 467 andri
654 424 775 479 regis
815 423 956 476 illius,
992 430 1039 468 et
1075 426 1412 482 subseqoeuter
1442 439 1525 481 per
1557 431 1751 471 mortem

485 490 765 546 Margaretae
801 491 1007 547 eiusdem
1042 492 1211 535 Scotiae
1249 494 1421 547 reginae
1460 498 1509 536 et
1539 492 1752 545 domino,

484 558 720 614 proneptis
745 564 930 610 nostrae,
963 560 1183 615 episcopi,
1212 560 1421 611 abbates,
1454 560 1645 615 priores,
1677 572 1753 604 co-

484 626 618 668 mites
662 630 710 667 et
751 625 963 676 barones,
1005 639 1217 681 proceres
1261 634 1308 670 et
1366 627 1506 670 ceteri
1557 626 1752 678 nobiles,

484 697 533 735 et
574 692 927 734 communitates
975 693 1118 735 totius
1162 693 1294 747 regni
1337 693 1522 745 Scotiae,
1565 693 1625 736 ad
1667 705 1753 738 no·

486 763 708 813 tanquam
734 757 792 800 ad
824 758 1126 810 defensorem,
1157 759 1336 811 ducem,
1364 761 1592 815 aurigam,
1625 760 1753 816 capi·

486 829 690 875 taneum,
728 830 775 867 et
814 824 1048 867 dominum
1086 826 1332 880 capitalem
1379 826 1584 883 ejusdem
1621 827 1752 882 regni

485 891 553 934 sic
588 891 815 942 vacantis,
850 892 997 945 gratis
1032 898 1080 934 et
1113 898 1372 948 spontanea
1409 892 1650 937 voluntate
1676 905 1756 938 nc-

486 957 717 1009 cedentes,
738 963 875 1013 prout
893 959 1168 1001 tenebantur
1192 958 1250 1001 de
1274 959 1397 1016 jure,
1417 959 1499 1015 jus
1528 964 1754 1012 nostrum,

486 1025 830 1080 progenitorum
863 1030 911 1068 et
944 1031 1303 1078 antecessorum,
1333 1039 1389 1069 ac
1418 1027 1754 1082 possessionem

486 1092 736 1147 superioris
779 1097 827 1134 et
870 1091 1032 1135 directi
1075 1092 1263 1136 dominii
1308 1093 1355 1135 in
1396 1106 1540 1148 reguo
1577 1093 1756 1146 eodem,

486 1164 534 1201 et
565 1159 711 1214 ipsius
745 1158 876 1213 regni
913 1159 1261 1215 subJectionem‚
1290 1173 1350 1203 ex
1382 1167 1511 1204 certa
1542 1160 1752 1213 scientia,

487 1238 616 1281 pure,
646 1225 932 1281 simpliciter,
967 1232 1014 1269 et
1043 1226 1255 1269 absolute
1283 1232 1672 1282 recognoverunt;
1705 1232 1756 1272 et

486 1293 708 1348 praestitis
741 1292 801 1335 ab
833 1293 900 1335 eis
933 1293 1080 1344 nobis,
1113 1299 1332 1349 tanquam
1364 1294 1591 1350 superiori
1615 1299 1665 1338 et
1686 1293 1758 1338 di-

487 1365 613 1402 recto
649 1359 834 1402 domino
868 1359 1052 1409 Scofioe,
1093 1359 1259 1403 debitis
1299 1366 1346 1403 et
1377 1361 1612 1404 consuetis
1644 1360 1756 1405 flde-

486 1426 632 1469 litatis
663 1426 957 1482 juramentis,
991 1439 1047 1469 ac
1081 1427 1365 1479 civitatibus,
1399 1428 1576 1482 burgis,
1611 1427 1753 1480 villis,

486 1493 668 1544 castris,
706 1498 753 1536 et
789 1493 955 1536 ceteris
990 1489 1339 1537 'mansionibus
1381 1494 1589 1550 ejusdem
1623 1495 1755 1550 regni

487 1561 534 1603 in
567 1573 754 1603 manum
785 1565 988 1603 nostram
1023 1560 1222 1612 traditis,
1256 1561 1315 1603 ad
1349 1561 1606 1605 custodiam
1635 1561 1756 1619 ejus-

487 1627 589 1670 dem
626 1627 757 1682 regni
802 1631 955 1670 certos
992 1627 1099 1684 jure
1153 1633 1312 1671 nostro
1368 1628 1497 1683 regio
1535 1626 1755 1673 officiales

486 1700 532 1738 et
571 1694 807 1737 ministros
842 1694 1183 1749 deputavimus,
1220 1695 1388 1751 quibus
1425 1695 1517 1751 ipsi
1551 1700 1758 1752 temporo

486 1762 742 1805 vacationis
772 1761 911 1817 hujus
939 1761 1228 1805 concorditer
1255 1761 1442 1805 suerunt
1473 1762 1755 1815 obedientes,

486 1835 534 1872 et
569 1828 861 1872 intendentes
891 1828 1030 1883 regiis
1065 1829 1236 1872 nostris
1266 1829 1510 1885 praeceptis
1541 1834 1590 1873 et
1624 1835 1756 1874 mau-

483 1895 621 1939 datis.

553 1966 567 1985 ‘
586 1961 888 2005 Postmodum
921 1968 1076 2006 autem
1108 1962 1303 2005 diversae
1326 1958 1580 2018 'personoe,
1614 1975 1756 2019 super

485 2029 778 2072 successione
809 2030 856 2071 in
881 2029 1055 2073 dictum
1080 2043 1274 2085 regnum
1298 2030 1468 2073 Scotioe
1498 2029 1606 2086 jure
1626 2029 1757 2074 here-

485 2096 652 2139 ditario
690 2097 811 2138 inter
844 2109 895 2139 se
930 2096 1276 2147 contendentes,
1317 2096 1375 2139 ad
1411 2109 1496 2140 nos
1532 2101 1754 2153 tauquam

485 2163 543 2206 ad
585 2163 866 2219 superiorem
902 2162 1136 2206 dominum
1177 2164 1307 2218 regui
1345 2164 1516 2207 Scotiae
1547 2176 1756 2208 accesse-

485 2237 609 2282 runt,
643 2235 852 2286 petentes
887 2243 1027 2285 super
1061 2231 1354 2273 successione
1384 2231 1513 2285 regni
1543 2230 1755 2287 proedicti

483 2298 571 2340 sibi
615 2311 697 2353 per
738 2310 822 2339 nos
863 2297 1070 2340 exhiberi
1098 2298 1297 2354 justitiae
1341 2297 1755 2353 complementum}

484 2363 692 2407 volentes
720 2368 767 2407 et
799 2377 1019 2420 expresse
1048 2365 1388 2408 consentientes
1422 2377 1575 2409 coram
1606 2364 1756 2418 uobis,

482 2436 707 2487 tanquam
742 2444 897 2474 coram
932 2432 1158 2487 superiori
1191 2437 1239 2474 et
1267 2431 1442 2475 directo
1475 2430 1678 2484 domino,
1706 2432 1754 2475 iu

482 2498 693 2541 omnibus
731 2497 999 2541 ordinandis
1033 2504 1159 2542 stare
1198 2504 1246 2541 et
1280 2499 1614 2554 obtemperare.
1682 2497 1756 2543 Ac

482 2564 665 2607 demum
690 2564 977 2621 Judicialiter
1006 2566 1255 2621 propositis
1286 2571 1333 2608 et
1366 2564 1645 2609 sufficienter
1673 2578 1757 2609 au·

526 2745 538 2767 ¹
560 2748 571 2766 ‘
584 2743 856 2787 mundanum-3·
869 2747 1098 2781 MmWeetc
1176 2745 1192 2768 ¹
1214 2743 1393 2789 ‘purten'
1411 2744 1503 2781 ΠΛ.

479 2793 592 2826 which
609 2794 693 2827 nau
711 2803 879 2836 approves
893 2794 940 2827 os.
