1930 3172
435 244 522 287 26⁴
926 250 1242 285 mestraim-ri
1881 0 1930 381 W

438 360 650 417 publicis,
693 367 787 404 tam
841 359 964 416 apud
1017 358 1354 403 Praedicator-es
1405 366 1544 412 quam
1590 351 1715 410 apud
1925 384 1930 405 1

441 427 664 479 Minores,
700 428 823 482 regis
869 426 1056 482 Augiiae
1113 424 1387 479 comitisque
1450 419 1715 465 Iaeicestrim
1925 451 1930 475 ¹

439 506 683 550 prooessus
725 500 950 549 gestaque
1004 491 1275 542 declaravit,
1322 490 1368 532 in
1412 486 1714 531 concordato-
1925 478 1930 494 ¹

440 573 533 603 rem
576 560 862 603 amicabilem
908 560 1129 615 pacisque
1173 557 1395 600 arbitrum
1438 568 1489 597 se
1532 551 1717 596 admitti

442 622 690 682 'promisit
746 625 1125 669 Assentientibus
1148 624 1307 679 itaque
1327 622 1555 678 partibus,
1574 618 1718 663 sacta-
1924 614 1930 667 ἐ

441 705 532 748 que
572 692 879 734 submissione
922 691 1019 746 regi
1065 690 1365 739 Francorum,
1405 700 1489 731 rex
1530 684 1716 740 Augiiae
1925 704 1930 746 4·

441 764 490 801 et
528 757 785 800 Edwardus
824 757 947 800 filius
978 757 1080 812 ejus
1115 769 1219 799 cum
1262 754 1470 811 praelatis
1507 750 1717 808 plurimis

443 825 574 877 regni
605 823 880 878 Anglorum,
907 823 966 866 ad
998 822 1271 865 audiendum
1302 821 1476 863 dictum
1511 823 1560 862 et
1590 813 1718 862 ’lau-

443 891 551 933 dum
582 890 765 945 praesati
801 890 938 944 regis,
973 890 1095 932 circa
1125 889 1292 931 festum
1324 886 1373 930 S.
1394 883 1629 929 vincentii
1667 895 1718 928 ιο

448 957 639 1000 Parisiis
680 962 1033 1012 praesentarunt.
1105 954 1273 997 Comes
1295 965 1405 996 vero
1438 948 1717 1000 Iaeiooetrioe,

445 1020 586 1081 ⁸[sive
616 1025 727 1079 quia
763 1036 916 1077 regem
965 1022 1249 1065 Francorum
1294 1024 1486 1075 propter
1525 1022 1720 1061 matrem

446 1090 548 1147 ejus
579 1091 665 1132 sibi
707 1089 927 1133 offensam
963 1094 1231 1144 suspectum
1270 1086 1448 1137 babuit,
1484 1083 1586 1127 sive
1626 1081 1722 1127 alia

445 1156 504 1199 de
536 1169 678 1199 causa
708 1169 800 1199 non
833 1156 950 1198 satis
981 1160 1107 1205 nota,
1137 1153 1431 1209 praesentiam
1455 1162 1588 1195 suam
1613 1149 1720 1193 sub-

447 1222 649 1272 trahens,
675 1223 720 1265 in
754 1222 926 1276 Anglia
954 1221 1249 1277 prosequitur
1265 1219 1498 1262 inchoata.
1567 1215 1723 1271 Igitur

446 1303 506 1332 ex
538 1294 649 1332 tunc
683 1289 898 1343 Rogerus
927 1288 985 1330 de
1016 1286 1363 1337 Mortuo-mari,
1394 1284 1442 1327 in
1465 1282 1604 1326 rebus
1625 1282 1723 1326 bel-

448 1355 548 1398 licis
579 1355 711 1397 miies
736 1360 975 1410 expertus,
1010 1353 1184 1409 praedia
1214 1352 1397 1395 comitis
1432 1348 1719 1408 Iaeicestriae]

445 1421 677 1464 dominica
700 1422 843 1476 coepit
868 1420 1143 1476 depraedari.
1194 1418 1371 1462 Contra
1392 1429 1529 1473 quem
1548 1427 1720 1467 comes,

446 1488 668 1544 adjuncto
702 1488 790 1530 sibi
825 1487 1031 1543 principe
1062 1485 1265 1536 Walliae,
1303 1494 1594 1540 progressus,
1621 1493 1726 1526 cas-

448 1562 569 1597 trum
612 1554 671 1597 de
718 1553 964 1597 Radenore
1006 1552 1203 1603 obsedit,
1245 1557 1293 1594 et
1346 1550 1405 1593 ad
1442 1548 1723 1593 deditionem

446 1621 613 1675 coegit.
686 1619 942 1663 Edwardus
984 1619 1106 1662 filius
1147 1618 1273 1672 regis
1314 1616 1502 1671 Angliae
1534 1614 1593 1659 de
1633 1614 1725 1658 Pa-

448 1688 570 1730 risiis
607 1699 860 1741 regressus,
892 1691 1048 1729 castra
1082 1684 1265 1728 comitis
1297 1681 1585 1726 Heresordioe
1614 1679 1724 1738 Hey

449 1761 496 1797 et
535 1753 843 1806 Huntingdon
879 1753 1018 1807 cepit,
1048 1756 1095 1795 et
1123 1757 1327 1794 castrum
1365 1748 1607 1792 Breconiae
1637 1747 1725 1791 sibi

449 1820 675 1862 redditum
703 1819 891 1873 Rogero
913 1819 971 1861 de
994 1817 1322 1861 Mortuo-mari
1350 1816 1542 1859 tradidit
1569 1819 1726 1858 cunto-

447 1886 664 1929 diendum
710 1898 814 1927 cum
859 1885 1093 1927 territorio
1138 1882 1385 1939 adJacenti.
1490 1880 1726 1924 Robur-tus

448 1965 602 1995 comes
628 1951 855 2001 Derbeiae,
877 1950 956 2006 qui
983 1949 1139 1992 comiti
1171 1948 1361 2004 Symoni
1383 1946 1596 1999 adbaesit,
1614 1946 1726 1990 civi·

449 2025 592 2061 tatem
627 2017 883 2072 Wigorniae
921 2015 1117 2066 obsedit,
1149 2022 1196 2058 et
1232 2028 1314 2070 per
1352 2019 1484 2056 vetus
1522 2017 1724 2056 castrum

450 2086 702 2139 ingressus,
724 2084 846 2126 bona
877 2083 1048 2125 civium
1077 2081 1285 2137 diripuit,
1307 2080 1593 2135 Judaeosque
1611 2078 1726 2135 bap-

451 2150 583 2194 tizari
614 2151 782 2205 coegit.
874 2149 1027 2203 Capta
1061 2154 1133 2191 est
1172 2153 1221 2190 et
1252 2146 1362 2190 villa
1396 2144 1663 2189 Gloverniae
1696 2157 1728 2189 a

452 2218 701 2260 baronibus
730 2216 866 2267 aliis;
899 2228 1017 2271 quos
1046 2214 1282 2257 insecutus
1304 2211 1560 2255 Edwardus
1581 2223 1612 2255 a
1635 2216 1728 2255 ter-

451 2298 529 2338 go,
551 2289 767 2339 reparato
782 2287 924 2338 ponte
943 2294 1084 2336 super
1097 2280 1354 2330 Sabrinam,
1378 2291 1514 2335 quem
1534 2278 1731 2322 barones

453 2352 561 2406 post
595 2349 840 2392 transitum
881 2360 1014 2390 suum
1047 2359 1209 2390 versus
1246 2345 1547 2389 Gloverniam
1581 2343 1729 2399 frege-

452 2422 576 2467 rant,
607 2421 810 2458 castrum
838 2413 1104 2457 Gloverniae
1135 2426 1241 2456 cum
1267 2412 1366 2455 suis
1395 2411 1602 2455 intravit.
1671 2410 1729 2455 In

453 2482 674 2533 crastino,
713 2485 989 2536 procurante
1033 2479 1245 2522 Waltero
1286 2477 1600 2533 wigorniensi
1634 2477 1732 2533 epi·

504 2633 512 2654 ¹
538 2634 589 2666 Or
614 2634 624 2651 ‘
642 2632 829 2674 permisit?
850 2631 964 2664 which
990 2630 1074 2664 Hau
1109 2629 1166 2663 une
1181 2629 1398 2662 urbib-atina:
1424 2624 1615 2669 ‘laudan'
1636 2626 1734 2662 ’.οἱ

459 2680 586 2722 prefers
601 2679 668 2712 aud
680 2678 814 2720 adopts.
1110 2677 1173 2709 Ar.

1157 2721 1173 2742 ⁸
1194 2722 1251 2755 All
1261 2721 1381 2755 within
1390 2720 1487 2754 these
1500 2720 1658 2754 bracket·
1672 2729 1731 2754 ιη

504 2772 516 2791 ⁸
539 2774 588 2804 Or
604 2782 694 2804 more
708 2771 891 2811 correctly‘
903 2767 1063 2810 laudam:
1110 2769 1292 2809 malesei!
1307 2767 1446 2800 omitted
1463 2767 1496 2799 in
1513 2765 1575 2799 Ar.
