1930 3172
419 218 505 263 14⁴
902 228 999 261 mo.
1030 226 1225 260 τιινιτι

198 350 334 377 uni-01
416 348 520 378 eum
566 334 820 379 commixta
869 341 1007 389 gente
1047 334 1246 377 diversa.
1318 331 1508 376 Irruunt
1549 330 1693 377 'l'urei

414 402 616 446 clamore
656 401 899 452 horrendo,
940 402 999 445 nd
1038 414 1232 457 quorum
1274 400 1474 456 impetus
1514 400 1692 456 exeipi-

413 469 557 512 endos
601 468 855 512 Christiani
900 468 1068 511 milites
1102 481 1153 511 se
1194 468 1437 523 aptabant,
1473 466 1690 510 dextrum

412 549 534 591 genu
551 536 653 579 solo
668 536 878 590 figentes,
895 536 1153 592 pedumque
1176 534 1445 578 dextrorum
1469 533 1693 578 articulos
1921 533 1930 606 j

411 602 661 658 affigebant
692 603 739 646 in
770 609 921 651 tert-az
961 602 1100 659 pedes
1125 615 1234 645 vero
1262 600 1476 644 sinistros
1504 601 1690 645 sinuato
1925 613 1930 657 1

413 670 589 726 poplite
618 670 874 713 habebant:
912 682 1076 712 manus
1109 668 1310 711 sinistrae
1348 667 1567 711 tenebant
1595 667 1691 724 cly-
1926 660 1930 678 ¹

413 750 543 792 pens.
572 736 750 779 dextroe
780 736 982 787 lanceas,
1018 747 1214 791 quarum
1242 734 1400 790 capita
1434 734 1693 790 posteriora

414 803 460 845 in
485 809 610 846 terra
630 803 921 857 figebantur3
953 802 1186 845 anteriora
1207 814 1335 852 vero,
1366 814 1471 844 cum
1499 800 1691 858 cuspide

414 870 602 922 serrata,
646 869 925 913 adversariis
967 869 1248 912 irruentibus
1286 868 1504 923 opposita
1542 863 1694 912 'tene-

415 938 539 980 bant.
626 936 733 980 Rex
774 938 895 980 inter
937 936 1170 992 quoslibet
1214 934 1332 977 dnos
1378 935 1445 977 sic
1488 938 1692 990 aptatos,

412 1004 530 1047 duos
563 1004 731 1047 statuit
763 1003 1043 1052 balistarios,
1081 1015 1279 1058 quorum
1315 1002 1453 1045 unius
1492 999 1690 1045 officium

414 1077 514 1114 erat
535 1071 766 1123 tendendi,
784 1071 976 1131 alterius
992 1070 1171 1127 jugiter
1194 1069 1290 1125 pila
1303 1067 1537 1125 jaciendi3
1566 1068 1691 1126 quod

416 1152 505 1181 non
537 1137 764 1181 modicum
798 1138 955 1180 nocuit
978 1136 1204 1187 hostibus,
1229 1141 1277 1179 et
1304 1135 1550 1191 plurimum
1584 1148 1693 1192 pno-

415 1204 501 1248 suit
539 1204 828 1249 Christianis.
901 1204 1100 1247 Hostilis
1131 1203 1365 1246 exercitus
1405 1215 1488 1258 per
1515 1208 1694 1259 septem

415 1278 515 1315 erat
541 1272 782 1315 ordinatus
813 1270 935 1314 acies
969 1277 1016 1315 et
1039 1277 1232 1320 turmas,
1254 1282 1451 1325 quarum
1474 1269 1694 1325 qualibet

415 1340 547 1395 quasi
579 1339 777 1382 millenis
803 1339 1050 1381 constabat
1078 1337 1325 1393 equitibus.
1388 1336 1570 1380 Harum
1597 1336 1693 1393 pri·

416 1419 494 1449 ma
528 1406 751 1449 militibus
789 1405 1067 1448 Christianis
1105 1403 1326 1460 praedicto
1363 1402 1500 1446 modo
1539 1402 1694 1460 dispo-

417 1474 520 1516 sitis
556 1468 879 1529 ²appmpians,
905 1485 1010 1515 cum
1031 1472 1132 1528 Jam
1163 1471 1422 1513 immineret
1458 1470 1696 1522 irmitura,

418 1541 529 1596 quia
558 1540 849 1583 Christianos
872 1538 1072 1582 attendit
1100 1537 1373 1588 immobiles,
1401 1537 1557 1580 subito
1585 1536 1699 1580 resi-

418 1608 534 1650 liens
576 1607 765 1650 divertit
810 1607 871 1649 ab
909 1606 976 1649 eis
1021 1605 1068 1649 in
1109 1610 1318 1661 partem3
1357 1603 1518 1647 eodem
1557 1603 1696 1648 modo

419 1674 622 1718 secunda
645 1674 785 1724 acies,
809 1679 857 1716 et
881 1673 1034 1725 tertia,
1063 1672 1346 1727 reliquaeque
1377 1670 1513 1714 modo
1541 1670 1700 1723 simili,

421 1755 524 1784 cum
541 1741 640 1797 jam
670 1741 877 1784 cominus
902 1740 1166 1783 viderentur
1195 1738 1491 1794 praeliaturae,
1510 1742 1702 1782 versun

422 1808 676 1851 calliditate
714 1808 761 1850 in
797 1812 976 1862 partem
1011 1806 1204 1849 alteram
1243 1805 1379 1847 flexis
1413 1805 1526 1848 loris
1553 1816 1700 1860 equos

206 1895 354 1928 numu,
423 1875 618 1918 celerius
660 1870 978 1929 'remu-abant.
1066 1871 1203 1925 Quod
1245 1883 1349 1915 cum
1395 1884 1479 1914 rex
1522 1870 1698 1915 diutius

208 1930 345 1989 ἵιῖὲῖἕα.
424 1937 777 1997 ⁴perspexisset,
818 1953 910 1983 non
945 1940 1181 1982 aestimans
1219 1951 1299 1980 eos
1335 1937 1461 1980 aliud
1494 1942 1701 1991 acturos,

426 2022 528 2051 cum
563 2008 635 2051 his
669 2009 748 2063 qui
778 2020 921 2063 equos
954 2006 1197 2057 habebant,
1229 2004 1428 2047 subditis
1460 2017 1581 2061 equo
1603 2004 1701 2048 eal·

426 2076 626 2126 caribus,
658 2074 868 2118 demissis
908 2074 1082 2117 lanceis
1122 2072 1437 2115 vehementius
1474 2071 1702 2126 agebatur

426 2143 473 2185 in
499 2143 680 2186 turbam
703 2141 902 2185 hostium
927 2140 1183 2183 densiorem
1203 2153 1216 2191 ;
1252 2135 1575 2195 ‘consertoque
1596 2150 1701 2194 gra-

427 2210 616 2253 vissimo
654 2208 830 2265 praelio,
876 2221 957 2250 rex
1004 2206 1217 2250 comitem
1260 2205 1541 2257 Leicestriae,
1581 2217 1704 2262 equo

426 2277 672 2333 dejectum,
715 2275 987 2319 defensurus
1029 2273 1219 2317 advenit
1255 2273 1410 2322 citius,
1446 2267 1606 2329 ‘eique
1641 2271 1702 2317 ad

425 2342 733 2387 scandendum
761 2355 930 2397 equum
959 2340 1229 2396 obsequium
1262 2339 1508 2395 praestitit3
1539 2338 1702 2383 videns

426 2410 566 2453 etiam
587 2409 884 2464 Radulphum
909 2408 966 2451 de
991 2406 1299 2450 Malo-Leone
1322 2405 1558 2462 captivum
1581 2405 1705 2450 trahi

427 2477 487 2519 ab
513 2476 740 2526 hostibus,
765 2475 959 2518 celerius
986 2474 1201 2525 accurrit,
1223 2479 1271 2516 et
1290 2486 1320 2516 a
1349 2473 1561 2516 manibus
1583 2471 1705 2516 Tur·

427 2556 584 2587 corum
630 2548 839 2599 ereptum
885 2554 989 2585 enm
1043 2540 1246 2583 restitnit
1291 2540 1381 2583 sibi
1421 2540 1528 2596 ipsi.
1596 2538 1706 2584 Rex

474 2646 483 2666 ¹
508 2645 519 2664 ¹
532 2646 733 2678 tenebantur
742 2645 767 2687 ς’
782 2644 832 2677 Μ.
843 2647 876 2676 et
889 2643 951 2677 Δι’.
1131 2641 1144 2660 ⁴
1165 2643 1176 2661 ‘
1189 2642 1420 2684 prospexisset
1431 2641 1455 2682 ς’
1468 2640 1521 2675 Π.

475 2690 490 2712 ²
511 2693 521 2711 ⁸
534 2693 757 2734 approprians
769 2687 788 2731 ;'
811 2691 858 2724 all
873 2691 931 2724 the
945 2690 1046 2723 MSS.
1131 2688 1145 2708 ⁸
1166 2691 1177 2708 ⁸
1190 2691 1413 2730 concretaque
1427 2688 1452 2728 ς’
1469 2686 1533 2721 Ar.

428 2750 468 2772 ss
482 2749 600 2781 supra,
615 2749 648 2772 n.
663 2742 694 2778 1,
710 2749 743 2780 p.
762 2741 838 2771 Μ’.
1130 2734 1146 2755 ⁸
1169 2732 1280 2768 Rall's
1294 2734 1519 2768 emendation.
1567 2732 1625 2767 An
1648 2733 1706 2768 ibo

474 2784 488 2806 ⁸
509 2787 519 2804 ⁸
532 2786 716 2827 oegnsbam
729 2786 751 2825 ς·
767 2786 818 2819 ΙΙ.
831 2787 863 2817 et
880 2784 942 2817 Ar.
1087 2783 1186 2815 MSS.
1202 2782 1288 2815 have
1302 2784 1313 2802 ⁸
1326 2781 1455 2824 atque!
