<?xml version="1.0" encoding="UTF-8"?>
<!DOCTYPE html PUBLIC "-//W3C//DTD XHTML 1.0 Transitional//EN"
    "http://www.w3.org/TR/xhtml1/DTD/xhtml1-transitional.dtd">
<html xmlns="http://www.w3.org/1999/xhtml" xml:lang="en" lang="en">
 <head>
  <title>
</title>
<meta http-equiv="Content-Type" content="text/html;charset=utf-8" />
  <meta name='ocr-system' content='tesseract 3.04.00' />
  <meta name='ocr-capabilities' content='ocr_page ocr_carea ocr_par ocr_line ocrx_word'/>
</head>
<body>
  <div class='ocr_page' id='page_1' title='image "./fnicholaitriveti00trivuoft_0138.png"; bbox 0 0 1930 3172; ppageno 0'>
   <div class='ocr_carea' id='block_1_1' title="bbox 443 227 1247 275">
    <p class='ocr_par' dir='ltr' id='par_1_1' title="bbox 443 227 1247 275">
     <span class='ocr_line' id='line_1_1' title="bbox 443 227 1247 275; baseline 0.005 -4"><span class='ocrx_word' id='word_1_1' title='bbox 443 227 531 272; x_wconf 83' lang='lat'><strong>108</strong></span> <span class='ocrx_word' id='word_1_2' title='bbox 934 242 1031 275; x_wconf 74' lang='lat' dir='ltr'><strong>mc.</strong></span> <span class='ocrx_word' id='word_1_3' title='bbox 1052 242 1247 275; x_wconf 73' lang='lat' dir='ltr'><strong>rmvrrri</strong></span> 
     </span>
    </p>
   </div>
   <div class='ocr_carea' id='block_1_2' title="bbox 222 345 1721 2605">
    <p class='ocr_par' dir='ltr' id='par_1_2' title="bbox 222 345 1721 2605">
     <span class='ocr_line' id='line_1_2' title="bbox 442 345 1718 406; baseline 0.007 -19"><span class='ocrx_word' id='word_1_4' title='bbox 442 345 563 388; x_wconf 88' lang='lat' dir='ltr'><strong>inter</strong></span> <span class='ocrx_word' id='word_1_5' title='bbox 585 346 679 389; x_wconf 82' lang='lat' dir='ltr'><strong>alia</strong></span> <span class='ocrx_word' id='word_1_6' title='bbox 700 347 977 391; x_wconf 88' lang='lat' dir='ltr'><strong>mentionem</strong></span> <span class='ocrx_word' id='word_1_7' title='bbox 1000 348 1124 399; x_wconf 83' lang='lat' dir='ltr'><strong>facit,</strong></span> <span class='ocrx_word' id='word_1_8' title='bbox 1147 348 1228 405; x_wconf 89' lang='lat' dir='ltr'><strong>qui</strong></span> <span class='ocrx_word' id='word_1_9' title='bbox 1252 351 1440 406; x_wconf 84' lang='lat' dir='ltr'><strong>scripsit</strong></span> <span class='ocrx_word' id='word_1_10' title='bbox 1466 346 1718 405; x_wconf 71' lang='lat' dir='ltr'><strong>&#39;Mu-isle:</strong></span> 
     </span>
     <span class='ocr_line' id='line_1_3' title="bbox 441 410 1720 472; baseline 0.007 -18"><span class='ocrx_word' id='word_1_11' title='bbox 441 410 664 468; x_wconf 83' lang='lat' dir='ltr'><strong>adjiciens</strong></span> <span class='ocrx_word' id='word_1_12' title='bbox 706 413 829 469; x_wconf 90' lang='lat' dir='ltr'><strong>quod</strong></span> <span class='ocrx_word' id='word_1_13' title='bbox 880 415 1034 470; x_wconf 76' lang='lat' dir='ltr'><strong>imago</strong></span> <span class='ocrx_word' id='word_1_14' title='bbox 1077 414 1302 472; x_wconf 72' lang='lat' dir='ltr'><strong>Virginis,</strong></span> <span class='ocrx_word' id='word_1_15' title='bbox 1345 418 1493 462; x_wconf 79' lang='lat' dir='ltr'><strong>fracto</strong></span> <span class='ocrx_word' id='word_1_16' title='bbox 1532 416 1720 462; x_wconf 76' lang='lat' dir='ltr'><strong>bruchio</strong></span> 
     </span>
     <span class='ocr_line' id='line_1_4' title="bbox 443 479 1721 534; baseline 0.006 -13"><span class='ocrx_word' id='word_1_17' title='bbox 443 479 591 534; x_wconf 79' lang='lat' dir='ltr'><strong>parvi,</strong></span> <span class='ocrx_word' id='word_1_18' title='bbox 614 487 767 524; x_wconf 80' lang='lat' dir='ltr'><strong>vestes</strong></span> <span class='ocrx_word' id='word_1_19' title='bbox 797 494 908 524; x_wconf 88' lang='lat' dir='ltr'><strong>suas</strong></span> <span class='ocrx_word' id='word_1_20' title='bbox 938 482 1146 526; x_wconf 76' lang='lat' dir='ltr'>divulsit.</span> <span class='ocrx_word' id='word_1_21' title='bbox 1215 482 1398 527; x_wconf 80' lang='lat' dir='ltr'><strong>Asserit</strong></span> <span class='ocrx_word' id='word_1_22' title='bbox 1419 485 1560 528; x_wconf 84' lang='lat' dir='ltr'><strong>etiam</strong></span> <span class='ocrx_word' id='word_1_23' title='bbox 1589 497 1642 528; x_wconf 83' lang='lat' dir='ltr'><strong>ss</strong></span> <span class='ocrx_word' id='word_1_24' title='bbox 1670 489 1721 529; x_wconf 84' lang='lat' dir='ltr'><strong>et</strong></span> 
     </span>
     <span class='ocr_line' id='line_1_5' title="bbox 441 546 1469 602; baseline 0.007 -14"><span class='ocrx_word' id='word_1_25' title='bbox 441 546 734 600; x_wconf 78' lang='lat' dir='ltr'><strong>sanguinem,</strong></span> <span class='ocrx_word' id='word_1_26' title='bbox 753 553 801 591; x_wconf 92' lang='lat' dir='ltr'><strong>et</strong></span> <span class='ocrx_word' id='word_1_27' title='bbox 821 554 995 591; x_wconf 85' lang='lat' dir='ltr'><strong>vestem</strong></span> <span class='ocrx_word' id='word_1_28' title='bbox 1018 548 1265 602; x_wconf 85' lang='lat' dir='ltr'><strong>divulsam,</strong></span> <span class='ocrx_word' id='word_1_29' title='bbox 1284 551 1469 595; x_wconf 78' lang='lat' dir='ltr'><strong>vidisse.</strong></span> 
     </span>
     <span class='ocr_line' id='line_1_6' title="bbox 222 612 1720 671; baseline 0.008 -20"><span class='ocrx_word' id='word_1_30' title='bbox 222 620 382 648; x_wconf 63' lang='lat' dir='ltr'><strong>amm·-</strong></span> <span class='ocrx_word' id='word_1_31' title='bbox 509 612 772 665; x_wconf 85' lang='lat' dir='ltr'><strong>Saladinus,</strong></span> <span class='ocrx_word' id='word_1_32' title='bbox 812 615 1027 671; x_wconf 86' lang='lat' dir='ltr'><strong>princeps</strong></span> <span class='ocrx_word' id='word_1_33' title='bbox 1063 615 1300 668; x_wconf 87' lang='lat' dir='ltr'><strong>Damasci,</strong></span> <span class='ocrx_word' id='word_1_34' title='bbox 1335 618 1582 662; x_wconf 89' lang='lat' dir='ltr'><strong>commisso</strong></span> <span class='ocrx_word' id='word_1_35' title='bbox 1614 630 1720 662; x_wconf 83' lang='lat' dir='ltr'><strong>cum</strong></span> 
     </span>
     <span class='ocr_line' id='line_1_7' title="bbox 222 654 1721 741; baseline 0.008 -23"><span class='ocrx_word' id='word_1_36' title='bbox 222 654 357 715; x_wconf 41' lang='lat' dir='ltr'><strong>Q&amp;</strong></span> <span class='ocrx_word' id='word_1_37' title='bbox 442 677 721 722; x_wconf 82' lang='lat' dir='ltr'><strong>Christianis</strong></span> <span class='ocrx_word' id='word_1_38' title='bbox 755 680 933 735; x_wconf 82' lang='lat' dir='ltr'><strong>praelio,</strong></span> <span class='ocrx_word' id='word_1_39' title='bbox 967 682 1115 725; x_wconf 85' lang='lat' dir='ltr'><strong>victor</strong></span> <span class='ocrx_word' id='word_1_40' title='bbox 1149 682 1357 736; x_wconf 78' lang='lat' dir='ltr'><strong>effectus,</strong></span> <span class='ocrx_word' id='word_1_41' title='bbox 1392 685 1516 741; x_wconf 82' lang='lat' dir='ltr'><strong>cepit</strong></span> <span class='ocrx_word' id='word_1_42' title='bbox 1541 683 1721 729; x_wconf 85' lang='lat' dir='ltr'><strong>Guido-</strong></span> 
     </span>
     <span class='ocr_line' id='line_1_8' title="bbox 442 746 1717 808; baseline 0.009 -22"><span class='ocrx_word' id='word_1_43' title='bbox 442 757 546 787; x_wconf 92' lang='lat' dir='ltr'><strong>nem</strong></span> <span class='ocrx_word' id='word_1_44' title='bbox 576 758 729 800; x_wconf 80' lang='lat' dir='ltr'><strong>regem</strong></span> <span class='ocrx_word' id='word_1_45' title='bbox 754 746 1032 799; x_wconf 73' lang='lat' dir='ltr'><strong>Jerusalem,</strong></span> <span class='ocrx_word' id='word_1_46' title='bbox 1056 748 1442 807; x_wconf 83' lang='lat' dir='ltr'><strong>Reynaldumque</strong></span> <span class='ocrx_word' id='word_1_47' title='bbox 1466 751 1717 808; x_wconf 80' lang='lat' dir='ltr'><strong>principem</strong></span> 
     </span>
     <span class='ocr_line' id='line_1_9' title="bbox 443 809 1720 873; baseline 0.008 -20"><span class='ocrx_word' id='word_1_48' title='bbox 443 809 722 862; x_wconf 79' lang='lat' dir='ltr'><strong>Antiochiae,</strong></span> <span class='ocrx_word' id='word_1_49' title='bbox 754 819 802 855; x_wconf 94' lang='lat' dir='ltr'><strong>et</strong></span> <span class='ocrx_word' id='word_1_50' title='bbox 831 813 950 856; x_wconf 81' lang='lat' dir='ltr'><strong>alios</strong></span> <span class='ocrx_word' id='word_1_51' title='bbox 986 815 1348 871; x_wconf 88' lang='lat' dir='ltr'><strong>quamplurimos</strong></span> <span class='ocrx_word' id='word_1_52' title='bbox 1381 818 1429 860; x_wconf 91' lang='lat' dir='ltr'><strong>in</strong></span> <span class='ocrx_word' id='word_1_53' title='bbox 1461 817 1623 873; x_wconf 73' lang='lat' dir='ltr'><strong>praelio</strong></span> <span class='ocrx_word' id='word_1_54' title='bbox 1650 818 1720 862; x_wconf 81' lang='lat' dir='ltr'><strong>in-</strong></span> 
     </span>
     <span class='ocr_line' id='line_1_10' title="bbox 443 877 1719 941; baseline 0.007 -22"><span class='ocrx_word' id='word_1_55' title='bbox 443 877 638 921; x_wconf 82' lang='lat' dir='ltr'>teremit.</span> <span class='ocrx_word' id='word_1_56' title='bbox 701 878 853 935; x_wconf 78' lang='lat' dir='ltr'><strong>Cupta</strong></span> <span class='ocrx_word' id='word_1_57' title='bbox 871 885 941 922; x_wconf 85' lang='lat' dir='ltr'><strong>est</strong></span> <span class='ocrx_word' id='word_1_58' title='bbox 965 880 1132 924; x_wconf 85' lang='lat' dir='ltr'><strong>civitas</strong></span> <span class='ocrx_word' id='word_1_59' title='bbox 1149 880 1428 935; x_wconf 74' lang='lat' dir='ltr'><strong>Jerusalem,</strong></span> <span class='ocrx_word' id='word_1_60' title='bbox 1450 882 1719 941; x_wconf 71' lang='lat' dir='ltr'><strong>lignumque</strong></span> 
     </span>
     <span class='ocr_line' id='line_1_11' title="bbox 445 944 1721 1001; baseline 0.008 -15"><span class='ocrx_word' id='word_1_61' title='bbox 445 951 623 987; x_wconf 81' lang='lat' dir='ltr'><strong>sanctae</strong></span> <span class='ocrx_word' id='word_1_62' title='bbox 649 944 828 997; x_wconf 89' lang='lat' dir='ltr'><strong>Crucis,</strong></span> <span class='ocrx_word' id='word_1_63' title='bbox 858 952 906 990; x_wconf 93' lang='lat' dir='ltr'><strong>et</strong></span> <span class='ocrx_word' id='word_1_64' title='bbox 928 946 1099 991; x_wconf 77' lang='lat' dir='ltr'><strong>Judoea</strong></span> <span class='ocrx_word' id='word_1_65' title='bbox 1122 947 1216 991; x_wconf 78' lang='lat' dir='ltr'><strong>fere</strong></span> <span class='ocrx_word' id='word_1_66' title='bbox 1245 954 1360 1001; x_wconf 88' lang='lat' dir='ltr'><strong>tota,</strong></span> <span class='ocrx_word' id='word_1_67' title='bbox 1389 963 1493 993; x_wconf 89' lang='lat' dir='ltr'><strong>cum</strong></span> <span class='ocrx_word' id='word_1_68' title='bbox 1522 950 1721 996; x_wconf 65' lang='lat' dir='ltr'><strong>civitan-</strong></span> 
     </span>
     <span class='ocr_line' id='line_1_12' title="bbox 443 1010 1720 1075; baseline 0.008 -23"><span class='ocrx_word' id='word_1_69' title='bbox 443 1010 528 1053; x_wconf 90' lang='lat' dir='ltr'><strong>bus</strong></span> <span class='ocrx_word' id='word_1_70' title='bbox 566 1012 780 1055; x_wconf 87' lang='lat' dir='ltr'><strong>omuibus</strong></span> <span class='ocrx_word' id='word_1_71' title='bbox 819 1013 1078 1064; x_wconf 84' lang='lat' dir='ltr'><strong>maritimis,</strong></span> <span class='ocrx_word' id='word_1_72' title='bbox 1121 1020 1291 1070; x_wconf 80' lang='lat' dir='ltr'><strong>praeter</strong></span> <span class='ocrx_word' id='word_1_73' title='bbox 1332 1016 1540 1072; x_wconf 77' lang='lat' dir='ltr'><strong>Tyrum3</strong></span> <span class='ocrx_word' id='word_1_74' title='bbox 1584 1017 1720 1075; x_wconf 82' lang='lat' dir='ltr'><strong>cujus</strong></span> 
     </span>
     <span class='ocr_line' id='line_1_13' title="bbox 441 1077 1718 1135; baseline 0.007 -16"><span class='ocrx_word' id='word_1_75' title='bbox 441 1077 816 1135; x_wconf 75' lang='lat' dir='ltr'><strong>archiepiscopus</strong></span> <span class='ocrx_word' id='word_1_76' title='bbox 864 1080 978 1123; x_wconf 79' lang='lat' dir='ltr'><strong>dirae</strong></span> <span class='ocrx_word' id='word_1_77' title='bbox 1025 1080 1170 1124; x_wconf 90' lang='lat' dir='ltr'><strong>cladis</strong></span> <span class='ocrx_word' id='word_1_78' title='bbox 1220 1083 1409 1126; x_wconf 90' lang='lat' dir='ltr'><strong>nuntius</strong></span> <span class='ocrx_word' id='word_1_79' title='bbox 1457 1082 1516 1127; x_wconf 83' lang='lat' dir='ltr'><strong>ad</strong></span> <span class='ocrx_word' id='word_1_80' title='bbox 1561 1084 1718 1128; x_wconf 82' lang='lat' dir='ltr'><strong>orbem</strong></span> 
     </span>
     <span class='ocr_line' id='line_1_14' title="bbox 366 1142 1719 1206; baseline 0.006 -20"><span class='ocrx_word' id='word_1_81' title='bbox 366 1154 375 1163; x_wconf 93' lang='lat'><strong>·</strong></span> <span class='ocrx_word' id='word_1_82' title='bbox 442 1142 760 1188; x_wconf 83' lang='lat' dir='ltr'><strong>Christianum</strong></span> <span class='ocrx_word' id='word_1_83' title='bbox 793 1147 962 1189; x_wconf 89' lang='lat' dir='ltr'><strong>missus</strong></span> <span class='ocrx_word' id='word_1_84' title='bbox 983 1153 1070 1199; x_wconf 90' lang='lat' dir='ltr'><strong>est,</strong></span> <span class='ocrx_word' id='word_1_85' title='bbox 1101 1154 1149 1191; x_wconf 92' lang='lat' dir='ltr'><strong>et</strong></span> <span class='ocrx_word' id='word_1_86' title='bbox 1175 1149 1439 1204; x_wconf 74' lang='lat' dir='ltr'><strong>specialiter</strong></span> <span class='ocrx_word' id='word_1_87' title='bbox 1468 1149 1527 1193; x_wconf 75' lang='lat' dir='ltr'><strong>ad</strong></span> <span class='ocrx_word' id='word_1_88' title='bbox 1562 1162 1719 1206; x_wconf 68' lang='lat' dir='ltr'><strong>regem</strong></span> 
     </span>
     <span class='ocr_line' id='line_1_15' title="bbox 445 1210 1718 1274; baseline 0.006 -21"><span class='ocrx_word' id='word_1_89' title='bbox 445 1210 701 1266; x_wconf 79' lang='lat' dir='ltr'><strong>Anglorum</strong></span> <span class='ocrx_word' id='word_1_90' title='bbox 735 1212 1006 1264; x_wconf 65' lang='lat' dir='ltr'><strong>Hernicum,</strong></span> <span class='ocrx_word' id='word_1_91' title='bbox 1035 1215 1169 1271; x_wconf 76' lang='lat' dir='ltr'><strong>quus</strong></span> <span class='ocrx_word' id='word_1_92' title='bbox 1201 1215 1325 1258; x_wconf 86' lang='lat' dir='ltr'><strong>sama</strong></span> <span class='ocrx_word' id='word_1_93' title='bbox 1360 1217 1497 1271; x_wconf 78' lang='lat' dir='ltr'><strong>longe</strong></span> <span class='ocrx_word' id='word_1_94' title='bbox 1531 1216 1718 1274; x_wconf 79' lang='lat' dir='ltr'><strong>lateque</strong></span> 
     </span>
     <span class='ocr_line' id='line_1_16' title="bbox 441 1276 1718 1339; baseline 0.006 -19"><span class='ocrx_word' id='word_1_95' title='bbox 441 1277 608 1321; x_wconf 79' lang='lat' dir='ltr'><strong>diffusa</strong></span> <span class='ocrx_word' id='word_1_96' title='bbox 644 1285 746 1322; x_wconf 86' lang='lat' dir='ltr'><strong>erat</strong></span> <span class='ocrx_word' id='word_1_97' title='bbox 781 1293 922 1336; x_wconf 85' lang='lat' dir='ltr'><strong>super</strong></span> <span class='ocrx_word' id='word_1_98' title='bbox 945 1276 1139 1324; x_wconf 80' lang='lat' dir='ltr'><strong>&#39;terram</strong></span> <span class='ocrx_word' id='word_1_99' title='bbox 1175 1281 1366 1334; x_wconf 84' lang='lat' dir='ltr'><strong>divitiis,</strong></span> <span class='ocrx_word' id='word_1_100' title='bbox 1404 1283 1630 1339; x_wconf 78' lang='lat' dir='ltr'><strong>potentia,</strong></span> <span class='ocrx_word' id='word_1_101' title='bbox 1661 1296 1718 1328; x_wconf 78' lang='lat' dir='ltr'><strong>ac</strong></span> 
     </span>
     <span class='ocr_line' id='line_1_17' title="bbox 444 1344 1719 1407; baseline 0.007 -21"><span class='ocrx_word' id='word_1_102' title='bbox 444 1344 631 1388; x_wconf 81' lang='lat' dir='ltr'><strong>virtute.</strong></span> <span class='ocrx_word' id='word_1_103' title='bbox 679 1346 939 1403; x_wconf 78' lang='lat' dir='ltr'><strong>Statimque</strong></span> <span class='ocrx_word' id='word_1_104' title='bbox 957 1360 1053 1402; x_wconf 82' lang='lat' dir='ltr'><strong>prae</strong></span> <span class='ocrx_word' id='word_1_105' title='bbox 1078 1348 1182 1391; x_wconf 86' lang='lat' dir='ltr'><strong>aliis</strong></span> <span class='ocrx_word' id='word_1_106' title='bbox 1203 1348 1433 1393; x_wconf 87' lang='lat' dir='ltr'><strong>Ricardus</strong></span> <span class='ocrx_word' id='word_1_107' title='bbox 1452 1349 1575 1393; x_wconf 82' lang='lat' dir='ltr'><strong>filius</strong></span> <span class='ocrx_word' id='word_1_108' title='bbox 1594 1350 1719 1407; x_wconf 69' lang='lat' dir='ltr'><strong>regis</strong></span> 
     </span>
     <span class='ocr_line' id='line_1_18' title="bbox 443 1409 1717 1467; baseline 0.006 -14"><span class='ocrx_word' id='word_1_109' title='bbox 443 1410 719 1466; x_wconf 80' lang='lat' dir='ltr'><strong>Anglorum,</strong></span> <span class='ocrx_word' id='word_1_110' title='bbox 750 1414 850 1457; x_wconf 84' lang='lat' dir='ltr'><strong>zelo</strong></span> <span class='ocrx_word' id='word_1_111' title='bbox 883 1409 999 1456; x_wconf 77' lang='lat' dir='ltr'><strong>’Dm</strong></span> <span class='ocrx_word' id='word_1_112' title='bbox 1039 1427 1277 1467; x_wconf 88' lang='lat' dir='ltr'><strong>accensus,</strong></span> <span class='ocrx_word' id='word_1_113' title='bbox 1314 1417 1374 1459; x_wconf 91' lang='lat' dir='ltr'><strong>ob</strong></span> <span class='ocrx_word' id='word_1_114' title='bbox 1406 1416 1717 1461; x_wconf 69' lang='lat' dir='ltr'><strong>ulciscendam</strong></span> 
     </span>
     <span class='ocr_line' id='line_1_19' title="bbox 445 1477 1720 1537; baseline 0.006 -17"><span class='ocrx_word' id='word_1_115' title='bbox 445 1477 608 1521; x_wconf 83' lang='lat' dir='ltr'><strong>Crucis</strong></span> <span class='ocrx_word' id='word_1_116' title='bbox 629 1479 847 1535; x_wconf 84' lang='lat' dir='ltr'><strong>injuriam</strong></span> <span class='ocrx_word' id='word_1_117' title='bbox 878 1493 1058 1523; x_wconf 88' lang='lat' dir='ltr'><strong>crucem</strong></span> <span class='ocrx_word' id='word_1_118' title='bbox 1090 1482 1335 1537; x_wconf 76' lang='lat' dir='ltr'><strong>accipiens,</strong></span> <span class='ocrx_word' id='word_1_119' title='bbox 1359 1490 1538 1527; x_wconf 83' lang='lat' dir='ltr'><strong>ceteros</strong></span> <span class='ocrx_word' id='word_1_120' title='bbox 1560 1496 1720 1528; x_wconf 84' lang='lat' dir='ltr'><strong>omues</strong></span> 
     </span>
     <span class='ocr_line' id='line_1_20' title="bbox 444 1545 1720 1606; baseline 0.005 -19"><span class='ocrx_word' id='word_1_121' title='bbox 444 1545 664 1599; x_wconf 75' lang='lat' dir='ltr'><strong>praecedit</strong></span> <span class='ocrx_word' id='word_1_122' title='bbox 685 1546 825 1598; x_wconf 86' lang='lat' dir='ltr'><strong>sacto,</strong></span> <span class='ocrx_word' id='word_1_123' title='bbox 851 1559 970 1602; x_wconf 91' lang='lat' dir='ltr'><strong>quos</strong></span> <span class='ocrx_word' id='word_1_124' title='bbox 995 1548 1163 1591; x_wconf 82' lang='lat' dir='ltr'><strong>invitat</strong></span> <span class='ocrx_word' id='word_1_125' title='bbox 1185 1550 1413 1606; x_wconf 83' lang='lat' dir='ltr'><strong>exemplo.</strong></span> <span class='ocrx_word' id='word_1_126' title='bbox 1484 1549 1720 1594; x_wconf 68' lang='grc' dir='ltr'><strong>Βοιωτια-</strong></span> 
     </span>
     <span class='ocr_line' id='line_1_21' title="bbox 441 1611 1718 1673; baseline 0.006 -19"><span class='ocrx_word' id='word_1_127' title='bbox 441 1611 544 1663; x_wconf 91' lang='lat' dir='ltr'><strong>dus,</strong></span> <span class='ocrx_word' id='word_1_128' title='bbox 560 1625 715 1655; x_wconf 88' lang='lat' dir='ltr'><strong>comes</strong></span> <span class='ocrx_word' id='word_1_129' title='bbox 731 1613 1067 1669; x_wconf 86' lang='lat' dir='ltr'><strong>Tripolitanus‚</strong></span> <span class='ocrx_word' id='word_1_130' title='bbox 1085 1614 1346 1670; x_wconf 87' lang='lat' dir='ltr'><strong>quindecim</strong></span> <span class='ocrx_word' id='word_1_131' title='bbox 1364 1617 1528 1661; x_wconf 85' lang='lat' dir='ltr'><strong>diebus</strong></span> <span class='ocrx_word' id='word_1_132' title='bbox 1545 1616 1718 1673; x_wconf 74' lang='lat' dir='ltr'><strong>elapsis</strong></span> 
     </span>
     <span class='ocr_line' id='line_1_22' title="bbox 443 1679 1718 1737; baseline 0.005 -15"><span class='ocrx_word' id='word_1_133' title='bbox 443 1685 548 1733; x_wconf 86' lang='lat' dir='ltr'><strong>post</strong></span> <span class='ocrx_word' id='word_1_134' title='bbox 580 1685 763 1735; x_wconf 84' lang='lat' dir='ltr'><strong>captam</strong></span> <span class='ocrx_word' id='word_1_135' title='bbox 789 1679 1070 1733; x_wconf 76' lang='lat' dir='ltr'><strong>Jerusalem,</strong></span> <span class='ocrx_word' id='word_1_136' title='bbox 1100 1681 1374 1737; x_wconf 70' lang='lat' dir='ltr'><strong>proditionis</strong></span> <span class='ocrx_word' id='word_1_137' title='bbox 1405 1696 1527 1735; x_wconf 88' lang='lat' dir='ltr'><strong>reus,</strong></span> <span class='ocrx_word' id='word_1_138' title='bbox 1556 1695 1718 1728; x_wconf 82' lang='lat' dir='ltr'><strong>versus</strong></span> 
     </span>
     <span class='ocr_line' id='line_1_23' title="bbox 442 1745 1049 1803; baseline 0.007 -16"><span class='ocrx_word' id='word_1_139' title='bbox 442 1745 488 1787; x_wconf 92' lang='lat' dir='ltr'><strong>in</strong></span> <span class='ocrx_word' id='word_1_140' title='bbox 511 1747 760 1789; x_wconf 88' lang='lat' dir='ltr'><strong>amentiam</strong></span> <span class='ocrx_word' id='word_1_141' title='bbox 776 1748 1049 1803; x_wconf 75' lang='lat' dir='ltr'><strong>exspiravit.</strong></span> 
     </span>
     <span class='ocr_line' id='line_1_24' title="bbox 224 1812 1718 1883; baseline 0.006 -31"><span class='ocrx_word' id='word_1_142' title='bbox 224 1823 389 1883; x_wconf 41' lang='grc' dir='ltr'><strong>ἔνιαι-31111.</strong></span> <span class='ocrx_word' id='word_1_143' title='bbox 511 1812 619 1854; x_wconf 83' lang='lat' dir='ltr'><strong>Hoc</strong></span> <span class='ocrx_word' id='word_1_144' title='bbox 641 1825 763 1855; x_wconf 85' lang='lat' dir='ltr'><strong>anno</strong></span> <span class='ocrx_word' id='word_1_145' title='bbox 790 1814 1008 1856; x_wconf 87' lang='lat' dir='ltr'><strong>Urbanus</strong></span> <span class='ocrx_word' id='word_1_146' title='bbox 1032 1827 1171 1870; x_wconf 85' lang='lat' dir='ltr'><strong>papa,</strong></span> <span class='ocrx_word' id='word_1_147' title='bbox 1191 1828 1292 1859; x_wconf 87' lang='lat' dir='ltr'><strong>cum</strong></span> <span class='ocrx_word' id='word_1_148' title='bbox 1315 1815 1373 1858; x_wconf 93' lang='lat' dir='ltr'><strong>de</strong></span> <span class='ocrx_word' id='word_1_149' title='bbox 1397 1818 1718 1861; x_wconf 73' lang='lat' dir='ltr'><strong>transmarinis</strong></span> 
     </span>
     <span class='ocr_line' id='line_1_25' title="bbox 225 1858 1718 1940; baseline 0.008 -24"><span class='ocrx_word' id='word_1_150' title='bbox 225 1858 411 1917; x_wconf 53' lang='lat' dir='ltr'><strong>amn-8⁶⁸</strong></span> <span class='ocrx_word' id='word_1_151' title='bbox 443 1878 653 1933; x_wconf 88' lang='lat' dir='ltr'><strong>partibus</strong></span> <span class='ocrx_word' id='word_1_152' title='bbox 693 1885 788 1922; x_wconf 84' lang='lat' dir='ltr'><strong>tam</strong></span> <span class='ocrx_word' id='word_1_153' title='bbox 832 1879 1029 1923; x_wconf 85' lang='lat' dir='ltr'><strong>flebilem</strong></span> <span class='ocrx_word' id='word_1_154' title='bbox 1071 1894 1300 1924; x_wconf 88' lang='lat' dir='ltr'><strong>rumorem</strong></span> <span class='ocrx_word' id='word_1_155' title='bbox 1346 1882 1571 1935; x_wconf 84' lang='lat' dir='ltr'><strong>audisset,</strong></span> <span class='ocrx_word' id='word_1_156' title='bbox 1619 1896 1718 1940; x_wconf 73' lang='lat' dir='ltr'><strong>pras</strong></span> 
     </span>
     <span class='ocr_line' id='line_1_26' title="bbox 443 1945 1719 2004; baseline 0.007 -18"><span class='ocrx_word' id='word_1_157' title='bbox 443 1945 583 1987; x_wconf 89' lang='lat' dir='ltr'><strong>nimio</strong></span> <span class='ocrx_word' id='word_1_158' title='bbox 613 1945 771 1989; x_wconf 86' lang='lat' dir='ltr'><strong>dolore</strong></span> <span class='ocrx_word' id='word_1_159' title='bbox 801 1947 944 1999; x_wconf 89' lang='lat' dir='ltr'><strong>obiit;</strong></span> <span class='ocrx_word' id='word_1_160' title='bbox 975 1947 1277 2004; x_wconf 78' lang='lat' dir='ltr'><strong>sepultusque</strong></span> <span class='ocrx_word' id='word_1_161' title='bbox 1307 1954 1380 1991; x_wconf 84' lang='lat' dir='ltr'><strong>est</strong></span> <span class='ocrx_word' id='word_1_162' title='bbox 1404 1949 1450 1991; x_wconf 91' lang='lat' dir='ltr'><strong>in</strong></span> <span class='ocrx_word' id='word_1_163' title='bbox 1488 1949 1719 2003; x_wconf 77' lang='lat' dir='ltr'><strong>Ferraria,</strong></span> 
     </span>
     <span class='ocr_line' id='line_1_27' title="bbox 441 2012 1718 2068; baseline 0.005 -15"><span class='ocrx_word' id='word_1_164' title='bbox 441 2024 544 2053; x_wconf 89' lang='lat' dir='ltr'><strong>cum</strong></span> <span class='ocrx_word' id='word_1_165' title='bbox 566 2012 761 2056; x_wconf 87' lang='lat' dir='ltr'><strong>sedisset</strong></span> <span class='ocrx_word' id='word_1_166' title='bbox 790 2026 883 2056; x_wconf 92' lang='lat' dir='ltr'><strong>uno</strong></span> <span class='ocrx_word' id='word_1_167' title='bbox 910 2026 1049 2065; x_wconf 87' lang='lat' dir='ltr'><strong>anno,</strong></span> <span class='ocrx_word' id='word_1_168' title='bbox 1081 2015 1314 2058; x_wconf 84' lang='lat' dir='ltr'><strong>mensibus</strong></span> <span class='ocrx_word' id='word_1_169' title='bbox 1347 2014 1522 2068; x_wconf 89' lang='lat' dir='ltr'><strong>decem,</strong></span> <span class='ocrx_word' id='word_1_170' title='bbox 1554 2015 1718 2061; x_wconf 84' lang='lat' dir='ltr'><strong>diebus</strong></span> 
     </span>
     <span class='ocr_line' id='line_1_28' title="bbox 442 2078 1719 2136; baseline 0.007 -17"><span class='ocrx_word' id='word_1_171' title='bbox 442 2078 608 2133; x_wconf 74' lang='lat' dir='ltr'><strong>viginti</strong></span> <span class='ocrx_word' id='word_1_172' title='bbox 642 2080 862 2135; x_wconf 90' lang='lat' dir='ltr'><strong>quinque.</strong></span> <span class='ocrx_word' id='word_1_173' title='bbox 918 2080 1007 2124; x_wconf 89' lang='lat' dir='ltr'><strong>Cui</strong></span> <span class='ocrx_word' id='word_1_174' title='bbox 1046 2083 1270 2125; x_wconf 87' lang='lat' dir='ltr'><strong>successit</strong></span> <span class='ocrx_word' id='word_1_175' title='bbox 1304 2080 1561 2136; x_wconf 75' lang='lat' dir='ltr'><strong>Gregorius</strong></span> <span class='ocrx_word' id='word_1_176' title='bbox 1589 2089 1719 2128; x_wconf 75' lang='lat' dir='ltr'><strong>octa·</strong></span> 
     </span>
     <span class='ocr_line' id='line_1_29' title="bbox 443 2146 1720 2204; baseline 0.005 -17"><span class='ocrx_word' id='word_1_177' title='bbox 443 2158 543 2195; x_wconf 87' lang='lat' dir='ltr'><strong>vus,</strong></span> <span class='ocrx_word' id='word_1_178' title='bbox 579 2146 766 2189; x_wconf 80' lang='lat' dir='ltr'><strong>natione</strong></span> <span class='ocrx_word' id='word_1_179' title='bbox 800 2147 1174 2199; x_wconf 82' lang='lat' dir='ltr'><strong>Beneventanus,</strong></span> <span class='ocrx_word' id='word_1_180' title='bbox 1207 2149 1336 2204; x_wconf 87' lang='lat' dir='ltr'><strong>prius</strong></span> <span class='ocrx_word' id='word_1_181' title='bbox 1364 2148 1517 2191; x_wconf 88' lang='lat' dir='ltr'><strong>dictus</strong></span> <span class='ocrx_word' id='word_1_182' title='bbox 1550 2148 1720 2195; x_wconf 70' lang='lat' dir='ltr'><strong>Albur-</strong></span> 
     </span>
     <span class='ocr_line' id='line_1_30' title="bbox 445 2213 1720 2267; baseline 0.006 -14"><span class='ocrx_word' id='word_1_183' title='bbox 445 2217 547 2264; x_wconf 86' lang='lat' dir='ltr'><strong>tus;</strong></span> <span class='ocrx_word' id='word_1_184' title='bbox 578 2213 658 2267; x_wconf 90' lang='lat' dir='ltr'><strong>qui</strong></span> <span class='ocrx_word' id='word_1_185' title='bbox 680 2213 842 2256; x_wconf 85' lang='lat' dir='ltr'><strong>eodem</strong></span> <span class='ocrx_word' id='word_1_186' title='bbox 872 2226 1012 2265; x_wconf 81' lang='lat' dir='ltr'><strong>auno,</strong></span> <span class='ocrx_word' id='word_1_187' title='bbox 1039 2214 1191 2257; x_wconf 88' lang='lat' dir='ltr'><strong>missis</strong></span> <span class='ocrx_word' id='word_1_188' title='bbox 1222 2215 1389 2258; x_wconf 86' lang='lat' dir='ltr'><strong>litteris</strong></span> <span class='ocrx_word' id='word_1_189' title='bbox 1420 2215 1479 2258; x_wconf 73' lang='lat' dir='ltr'><strong>ud</strong></span> <span class='ocrx_word' id='word_1_190' title='bbox 1510 2215 1720 2262; x_wconf 82' lang='lat' dir='ltr'><strong>diversas</strong></span> 
     </span>
     <span class='ocr_line' id='line_1_31' title="bbox 444 2279 1717 2335; baseline 0.006 -15"><span class='ocrx_word' id='word_1_191' title='bbox 444 2279 707 2332; x_wconf 77' lang='lat' dir='ltr'><strong>provincias</strong></span> <span class='ocrx_word' id='word_1_192' title='bbox 747 2293 830 2335; x_wconf 89' lang='lat' dir='ltr'><strong>pro</strong></span> <span class='ocrx_word' id='word_1_193' title='bbox 862 2280 1009 2324; x_wconf 86' lang='lat' dir='ltr'><strong>Terra</strong></span> <span class='ocrx_word' id='word_1_194' title='bbox 1038 2281 1224 2332; x_wconf 81' lang='lat' dir='ltr'><strong>Sancta,</strong></span> <span class='ocrx_word' id='word_1_195' title='bbox 1257 2287 1467 2325; x_wconf 88' lang='lat' dir='ltr'><strong>mortuus</strong></span> <span class='ocrx_word' id='word_1_196' title='bbox 1494 2287 1583 2335; x_wconf 75' lang='lat' dir='ltr'><strong>est,</strong></span> <span class='ocrx_word' id='word_1_197' title='bbox 1612 2296 1717 2328; x_wconf 86' lang='lat' dir='ltr'><strong>cum</strong></span> 
     </span>
     <span class='ocr_line' id='line_1_32' title="bbox 441 2344 1719 2404; baseline 0.005 -17"><span class='ocrx_word' id='word_1_198' title='bbox 441 2344 638 2388; x_wconf 82' lang='lat' dir='ltr'><strong>sedisset</strong></span> <span class='ocrx_word' id='word_1_199' title='bbox 658 2359 813 2389; x_wconf 88' lang='lat' dir='ltr'><strong>mense</strong></span> <span class='ocrx_word' id='word_1_200' title='bbox 834 2360 939 2396; x_wconf 92' lang='lat' dir='ltr'><strong>uno,</strong></span> <span class='ocrx_word' id='word_1_201' title='bbox 965 2347 1127 2390; x_wconf 88' lang='lat' dir='ltr'><strong>diebus</strong></span> <span class='ocrx_word' id='word_1_202' title='bbox 1151 2348 1315 2403; x_wconf 75' lang='lat' dir='ltr'><strong>viginti</strong></span> <span class='ocrx_word' id='word_1_203' title='bbox 1338 2353 1531 2404; x_wconf 88' lang='lat' dir='ltr'><strong>septem.</strong></span> <span class='ocrx_word' id='word_1_204' title='bbox 1604 2349 1719 2395; x_wconf 85' lang='lat' dir='ltr'><strong>Post</strong></span> 
     </span>
     <span class='ocr_line' id='line_1_33' title="bbox 443 2412 1720 2469; baseline 0.007 -17"><span class='ocrx_word' id='word_1_205' title='bbox 443 2412 729 2455; x_wconf 79' lang='lat' dir='ltr'><strong>vacationem</strong></span> <span class='ocrx_word' id='word_1_206' title='bbox 769 2426 879 2456; x_wconf 86' lang='lat' dir='ltr'><strong>vero</strong></span> <span class='ocrx_word' id='word_1_207' title='bbox 912 2413 1089 2456; x_wconf 89' lang='lat' dir='ltr'><strong>dierum</strong></span> <span class='ocrx_word' id='word_1_208' title='bbox 1125 2414 1332 2469; x_wconf 79' lang='lat' dir='ltr'><strong>triginta,</strong></span> <span class='ocrx_word' id='word_1_209' title='bbox 1364 2416 1588 2460; x_wconf 78' lang='lat' dir='ltr'><strong>successit</strong></span> <span class='ocrx_word' id='word_1_210' title='bbox 1613 2415 1720 2461; x_wconf 74' lang='lat' dir='ltr'><strong>clo-</strong></span> 
     </span>
     <span class='ocr_line' id='line_1_34' title="bbox 443 2479 1719 2538; baseline 0.007 -19"><span class='ocrx_word' id='word_1_211' title='bbox 443 2490 569 2520; x_wconf 86' lang='lat' dir='ltr'><strong>mens</strong></span> <span class='ocrx_word' id='word_1_212' title='bbox 593 2479 773 2530; x_wconf 88' lang='lat' dir='ltr'><strong>tertius‚</strong></span> <span class='ocrx_word' id='word_1_213' title='bbox 798 2481 983 2523; x_wconf 85' lang='lat' dir='ltr'><strong>natione</strong></span> <span class='ocrx_word' id='word_1_214' title='bbox 1006 2480 1263 2532; x_wconf 86' lang='lat' dir='ltr'><strong>Romanus,</strong></span> <span class='ocrx_word' id='word_1_215' title='bbox 1291 2495 1350 2524; x_wconf 84' lang='lat' dir='ltr'><strong>ex</strong></span> <span class='ocrx_word' id='word_1_216' title='bbox 1383 2488 1515 2538; x_wconf 85' lang='lat' dir='ltr'><strong>patre</strong></span> <span class='ocrx_word' id='word_1_217' title='bbox 1532 2482 1719 2528; x_wconf 66' lang='lat' dir='ltr'><strong>Ioanne</strong></span> 
     </span>
     <span class='ocr_line' id='line_1_35' title="bbox 441 2543 1718 2605; baseline 0.006 -19"><span class='ocrx_word' id='word_1_218' title='bbox 441 2543 631 2587; x_wconf 89' lang='lat' dir='ltr'><strong>Scolari.</strong></span> <span class='ocrx_word' id='word_1_219' title='bbox 706 2546 1016 2603; x_wconf 84' lang='lat' dir='ltr'><strong>Baldewynus</strong></span> <span class='ocrx_word' id='word_1_220' title='bbox 1043 2546 1392 2592; x_wconf 85' lang='lat' dir='ltr'><strong>Cantuariensis</strong></span> <span class='ocrx_word' id='word_1_221' title='bbox 1423 2562 1506 2605; x_wconf 88' lang='lat' dir='ltr'><strong>per</strong></span> <span class='ocrx_word' id='word_1_222' title='bbox 1538 2549 1718 2594; x_wconf 78' lang='lat' dir='ltr'><strong>litteras</strong></span> 
     </span>
    </p>
   </div>
   <div class='ocr_carea' id='block_1_3' title="bbox 441 2611 1717 2668">
    <p class='ocr_par' dir='ltr' id='par_1_3' title="bbox 441 2611 1717 2668">
     <span class='ocr_line' id='line_1_36' title="bbox 441 2611 1717 2668; baseline 0.007 -16"><span class='ocrx_word' id='word_1_223' title='bbox 441 2611 723 2665; x_wconf 85' lang='lat' dir='ltr'><strong>apostolicas</strong></span> <span class='ocrx_word' id='word_1_224' title='bbox 743 2613 999 2668; x_wconf 88' lang='lat' dir='ltr'><strong>prohibitus</strong></span> <span class='ocrx_word' id='word_1_225' title='bbox 1022 2620 1093 2657; x_wconf 86' lang='lat' dir='ltr'><strong>est</strong></span> <span class='ocrx_word' id='word_1_226' title='bbox 1111 2616 1170 2657; x_wconf 81' lang='lat' dir='ltr'><strong>ab</strong></span> <span class='ocrx_word' id='word_1_227' title='bbox 1193 2617 1490 2659; x_wconf 84' lang='lat' dir='ltr'><strong>exsecutione</strong></span> <span class='ocrx_word' id='word_1_228' title='bbox 1509 2616 1717 2661; x_wconf 74' lang='lat' dir='ltr'><strong>eoelesim</strong></span> 
     </span>
    </p>
   </div>
   <div class='ocr_carea' id='block_1_4' title="bbox 441 2722 1714 2814">
    <p class='ocr_par' dir='ltr' id='par_1_4' title="bbox 441 2722 1714 2814">
     <span class='ocr_line' id='line_1_37' title="bbox 490 2722 1691 2765; baseline 0.006 -8"><span class='ocrx_word' id='word_1_229' title='bbox 490 2722 533 2743; x_wconf 79' lang='lat'><strong>¹⁴</strong></span> <span class='ocrx_word' id='word_1_230' title='bbox 550 2725 743 2765; x_wconf 70' lang='lat' dir='ltr'><strong>miraculo:</strong></span> <span class='ocrx_word' id='word_1_231' title='bbox 762 2726 894 2759; x_wconf 63' lang='lat' dir='ltr'><strong>instead</strong></span> <span class='ocrx_word' id='word_1_232' title='bbox 909 2726 969 2759; x_wconf 67' lang='grc' dir='ltr'><strong>οἴ·</strong></span> <span class='ocrx_word' id='word_1_233' title='bbox 983 2726 1056 2758; x_wconf 74' lang='lat' dir='ltr'><strong>Ma·</strong></span> <span class='ocrx_word' id='word_1_234' title='bbox 1114 2724 1128 2746; x_wconf 83' lang='lat'><strong>¹</strong></span> <span class='ocrx_word' id='word_1_235' title='bbox 1149 2728 1159 2745; x_wconf 87' lang='lat'>‘</span> <span class='ocrx_word' id='word_1_236' title='bbox 1177 2728 1318 2760; x_wconf 78' lang='lat' dir='ltr'><strong>terram&#39;</strong></span> <span class='ocrx_word' id='word_1_237' title='bbox 1333 2729 1362 2761; x_wconf 86' lang='lat' dir='ltr'><strong>is</strong></span> <span class='ocrx_word' id='word_1_238' title='bbox 1377 2728 1461 2761; x_wconf 68' lang='lat' dir='ltr'><strong>stom</strong></span> <span class='ocrx_word' id='word_1_239' title='bbox 1477 2728 1530 2763; x_wconf 70' lang='grc' dir='ltr'><strong>Π.</strong></span> <span class='ocrx_word' id='word_1_240' title='bbox 1545 2729 1612 2762; x_wconf 75' lang='lat' dir='ltr'><strong>ud</strong></span> <span class='ocrx_word' id='word_1_241' title='bbox 1627 2730 1691 2764; x_wconf 71' lang='grc' dir='ltr'><strong>Δι’.</strong></span> 
     </span>
     <span class='ocr_line' id='line_1_38' title="bbox 441 2768 1714 2814; baseline 0.007 -12"><span class='ocrx_word' id='word_1_242' title='bbox 441 2768 546 2812; x_wconf 55' lang='lat' dir='ltr'><strong>risle}</strong></span> <span class='ocrx_word' id='word_1_243' title='bbox 561 2782 604 2804; x_wconf 82' lang='lat' dir='ltr'><strong>sn</strong></span> <span class='ocrx_word' id='word_1_244' title='bbox 618 2772 755 2805; x_wconf 78' lang='lat' dir='ltr'><strong>evideut</strong></span> <span class='ocrx_word' id='word_1_245' title='bbox 769 2772 933 2813; x_wconf 51' lang='lat' dir='ltr'><strong>mist-ku</strong></span> <span class='ocrx_word' id='word_1_246' title='bbox 951 2769 1041 2806; x_wconf 70' lang='grc' dir='ltr'><strong>ΠΛ.</strong></span> <span class='ocrx_word' id='word_1_247' title='bbox 1112 2772 1126 2791; x_wconf 82' lang='lat'>⁸</span> <span class='ocrx_word' id='word_1_248' title='bbox 1147 2775 1157 2792; x_wconf 79' lang='lat'>⁸</span> <span class='ocrx_word' id='word_1_249' title='bbox 1176 2774 1242 2807; x_wconf 73' lang='lat' dir='ltr'><strong>Dm</strong></span> <span class='ocrx_word' id='word_1_250' title='bbox 1255 2771 1275 2814; x_wconf 71' lang='grc' dir='ltr'><strong>ς’</strong></span> <span class='ocrx_word' id='word_1_251' title='bbox 1298 2775 1436 2808; x_wconf 81' lang='lat' dir='ltr'><strong>omitted</strong></span> <span class='ocrx_word' id='word_1_252' title='bbox 1452 2775 1487 2808; x_wconf 77' lang='lat' dir='ltr'><strong>in</strong></span> <span class='ocrx_word' id='word_1_253' title='bbox 1503 2775 1555 2811; x_wconf 63' lang='grc' dir='ltr'><strong>Μ.</strong></span> <span class='ocrx_word' id='word_1_254' title='bbox 1567 2776 1635 2809; x_wconf 73' lang='lat' dir='ltr'><strong>ud</strong></span> <span class='ocrx_word' id='word_1_255' title='bbox 1651 2777 1714 2812; x_wconf 73' lang='lat' dir='ltr'><strong>Ar.</strong></span> 
     </span>
    </p>
   </div>
   <div class='ocr_carea' id='block_1_5' title="bbox 1878 313 1930 3172">
    <p class='ocr_par' dir='ltr' id='par_1_5' title="bbox 1878 313 1930 3172">
     <span class='ocr_line' id='line_1_39' title="bbox 1878 313 1930 3172; baseline 0 0"><span class='ocrx_word' id='word_1_256' title='bbox 1878 313 1930 3172; x_wconf 95' lang='lat' dir='ltr'><strong> </strong></span> 
     </span>
    </p>
   </div>
  </div>
 </body>
</html>
