1930 3172
241 574 333 602 neoth
346 574 377 600 d

242 608 365 636 nien-td

241 642 416 674 smne«.

256 2303 404 2331 rumn-

255 2339 355 2371 u-uop
366 2337 398 2363 οι

255 2370 453 2404 canmuury’s

257 2405 340 2431 10⁸1oe

449 224 508 268 82
932 232 1027 265 mc.
1051 230 1248 264 valva-ri

569 374 579 384 .
611 373 620 383 .
657 373 667 383 .
822 372 831 383 .
872 359 895 379 o
925 358 993 382 uo
1017 358 1037 381 u
1502 355 1687 381 sueinum

617 416 635 438 v
654 431 663 440 .
794 415 836 438 n
959 430 968 439 .
992 395 1212 439 ηιοωῖι.
1239 415 1391 440 wuovici
1408 345 1719 496 vn-

856 476 865 485 .
1084 477 1092 486 .
1154 477 1163 485 .
1368 476 1377 486 .
1570 455 1625 486 ”-

526 553 630 598 Nix
663 558 711 596 et
740 552 847 607 gelu
883 565 911 595 a
956 551 1218 596 Nativitate
1262 553 1450 597 Domini
1486 565 1633 611 usque
1666 553 1725 598 ad

459 620 834 664 Purificationem
866 619 1083 662 continue
1113 619 1411 663 duraverunt.
1481 620 1611 664 Obiit
1641 619 1727 665 lu·

457 687 624 731 cardus
676 686 734 729 de
787 684 1007 740 Strogoil,
1057 685 1321 742 relinquens
1375 686 1621 742 parvulum
1666 699 1727 731 ex

459 754 555 796 iilia
606 753 730 807 regis
780 751 1014 794 Dubliniae
1066 764 1393 796 successorem.
1485 753 1580 797 Hic
1629 755 1729 810 re&

461 819 668 862 Hem-ico
702 817 962 872 Anglorum
991 817 1189 861 reddidit
1227 818 1515 873 Dubliniam,
1545 818 1732 864 Water.

460 886 670 936 fordiam,
719 890 766 928 et
809 883 1034 940 quasdam
1077 884 1195 927 alias
1238 884 1492 929 firmitates.
1559 883 1733 931 Hiber·

460 952 640 996 nienses
671 952 892 995 tributum
923 950 1020 1006 regi
1045 949 1247 1006 AngBae,
1273 951 1332 994 de
1364 951 1572 1007 qualibet
1594 951 1733 999 domo

459 1020 636 1063 corium
671 1018 820 1069 bovis,
857 1017 933 1061 vel
972 1017 1214 1060 duodecim
1248 1017 1477 1071 denarios,
1509 1019 1732 1075 promise-

460 1092 583 1129 runt.
654 1084 711 1128 In
741 1084 903 1138 vigilia
931 1083 1126 1127 Pascha!
1155 1084 1307 1127 sactus
1332 1090 1405 1128 est
1429 1090 1597 1130 ventus
1629 1081 1733 1131 've-

460 1153 663 1204 hemens,
699 1150 932 1207 dissipans
962 1150 1124 1194 domos
1162 1156 1210 1194 et
1241 1150 1481 1195 eradicans
1508 1152 1733 1198 silvarum

459 1219 603 1275 ligna.

530 1285 622 1328 His
650 1284 932 1340 temporibus
958 1289 1092 1327 erant
1119 1283 1167 1326 in
1201 1283 1373 1339 Anglia
1402 1290 1498 1328 tres
1530 1286 1734 1343 episcopi

441 1352 560 1407 'regi
596 1352 841 1408 plurimum
879 1351 1145 1401 familiares,
1184 1350 1415 1394 Ricardus
1441 1351 1735 1397 Wintouien-

461 1419 545 1470 sis,
594 1418 834 1461 Galsridus
884 1417 1100 1467 Elieusis,
1149 1416 1359 1462 Joannes
1404 1418 1735 1472 Norwieensis‚

462 1498 658 1542 quorum
702 1484 1006 1540 frequentiam
1047 1495 1102 1526 ac
1141 1496 1316 1527 moram
1355 1485 1403 1528 in
1439 1485 1570 1529 curia
1604 1485 1737 1542 regia

463 1565 588 1609 papa
626 1550 897 1594 Alexander
944 1550 1161 1605 redargui
1210 1564 1294 1607 per
1343 1551 1739 1610 archiepiscopum

465 1618 846 1663 Cautuariensem
867 1617 1141 1660 ¹Ricardum
1179 1616 1498 1671 maudaverat,
1534 1619 1616 1676 qui
1657 1631 1740 1664 eos

465 1685 588 1742 apud
630 1684 824 1728 eundem
863 1697 972 1727 vere
1009 1689 1058 1727 et
1093 1684 1429 1729 rationabiliter
1460 1685 1738 1731 excusavit:

467 1766 550 1808 per
592 1763 788 1807 quorum
835 1750 1158 1794 mediationem
1205 1752 1474 1806 procuravit
1515 1752 1740 1809 profatus

466 1818 838 1874 archiepiscopus
871 1816 1179 1860 damnabilem
1214 1818 1606 1872 consuetudinem,
1634 1830 1741 1876 qum

468 1886 515 1928 in
539 1883 715 1939 Anglia
737 1882 1015 1935 invaluerat,
1044 1888 1091 1926 et
1118 1883 1166 1926 in
1197 1896 1384 1927 enorme
1410 1884 1522 1928 cleri
1555 1884 1738 1943 dispen-

467 1951 594 1995 dium
617 1956 905 2002 excreverat‚
935 1949 1124 1993 aboleri.
1192 1949 1241 1993 Si
1260 1951 1366 2006 quis
1387 1951 1509 1995 enim
1528 1950 1743 1997 sacerdo-

470 2023 563 2062 tem
584 2017 659 2060 vel
680 2017 897 2060 clericum
918 2015 1165 2067 occideret,
1192 2017 1403 2070 ecclesia,
1432 2017 1535 2061 sola
1556 2030 1742 2063 exeom-

469 2084 779 2128 municatione
801 2087 1033 2133 contenta,
1058 2083 1311 2127 materialis
1331 2096 1464 2140 opem
1486 2084 1632 2140 gladIi
1649 2097 1742 2130 uon

470 2151 703 2207 quasivit,
744 2149 865 2193 uude
908 2149 1170 2206 hujusmodi
1211 2151 1466 2195 transmisit
1499 2150 1744 2208 epistolam

471 2218 529 2261 ad
554 2218 795 2273 episcopos
815 2222 910 2260 tres
931 2216 1207 2272 praedictos:

540 2288 554 2307 ‘
578 2283 808 2327 Ricardus
840 2283 934 2327 Dm
966 2282 1120 2338 gratia
1152 2282 1499 2327 Cantuariensis
1523 2283 1750 2341 archiepi-

473 2363 660 2405 scopus,
698 2350 843 2393 totius
878 2348 1065 2404 Angliae
1105 2349 1295 2405 primas,
1328 2349 1598 2405 apostolico
1625 2350 1749 2395 sedis

475 2416 675 2472 legatus,
698 2415 1038 2459 venerabilibus
1067 2420 1115 2459 et
1135 2417 1183 2459 in
1205 2415 1427 2459 Cnnls‘ro
1454 2415 1636 2461 dilectis
1657 2417 1751 2462 fra-

475 2483 623 2527 tribus
675 2481 878 2526 Ricardo
920 2480 1251 2534 wintoniensi,
1298 2481 1511 2527 Galfrido
1555 2483 1749 2537 Eliensi,

475 2549 650 2592 Joanui
684 2548 973 2592 Norwicensi
1002 2548 1231 2605 episcopis
1268 2548 1464 2593 salutem
1493 2555 1542 2594 et
1564 2550 1750 2595 salubre

476 2616 735 2660 consilium.
789 2615 846 2659 ln
869 2614 1064 2659 ecclesia
1079 2615 1339 2670 Anglorum
1360 2616 1584 2661 damnosa
1601 2617 1751 2661 omni-

899 2755 909 2777 ¹
925 2757 936 2776 ⁸
951 2756 1095 2789 Validus
1108 2757 1133 2798 ς·
1157 2758 1207 2791 Μ.
1224 2761 1255 2791 ee
1274 2758 1335 2791 Ar.
