1930 3172
451 233 542 277 396
946 245 1045 279 κιο.
1067 246 1264 280 ‘rama-ri

454 355 656 393 mentum
705 349 955 394 Londoniis
988 352 1280 396 convocavit.
1364 352 1496 410 Papa
1535 353 1727 399 Bonifa-

454 417 554 459 cius
594 429 677 473 per
719 417 899 460 litteras
939 430 1051 461 suas
1093 432 1247 473 regem
1289 418 1548 475 Anglorum
1588 420 1728 465 inter·

453 483 663 539 pellavit,
705 490 757 527 ut
807 484 905 538 regi
954 484 1238 528 Francorum
1274 499 1486 541 guerram
1521 499 1725 532 commo·

454 556 589 603 veat3
630 550 752 606 quod
786 552 826 593 si
861 551 1018 602 saciat,
1053 553 1217 606 ingens
1250 554 1504 597 subsidium
1536 554 1726 611 pollice-

453 622 543 660 tur.
614 618 704 660 Sed
742 630 821 660 rex
857 617 1041 672 Angliae
1077 619 1196 662 alias
1231 619 1403 663 domini
1437 634 1572 677 papae
1610 634 1725 677 erga

450 696 501 726 se
553 684 767 727 affectum
802 690 1023 739 expertus
1060 685 1263 736 infidum,
1310 700 1405 730 rem
1446 687 1642 740 distulit,
1684 688 1727 731 si

451 750 669 805 possibile
718 754 842 793 esset
880 763 1151 806 recuperare
1181 765 1264 808 per
1307 754 1428 796 viam
1460 754 1601 798 aliam
1639 767 1728 798 sua

451 816 643 860 malens.

234 895 335 922 Αωιι
347 896 379 921 01
513 882 568 925 In
603 882 826 926 Flandria
863 883 1142 938 Brugenses,
1166 883 1450 929 Gallicorum
1483 887 1723 932 exaction-

233 930 282 955 ω’
296 930 430 956 mmm*
450 949 553 991 ibus
574 945 821 1006 ‘[iujustis]
843 950 977 992 nimis
1000 951 1225 1006 oppressi,
1247 950 1279 994 J
1282 953 1476 996 acobum
1497 952 1546 997 S.
1571 952 1725 1007 Pauli,

450 1017 530 1071 qui
563 1017 684 1072 apud
721 1029 801 1059 eos
838 1017 989 1059 locum
1033 1018 1156 1072 regis
1198 1019 1402 1070 tenebat,
1440 1019 1725 1076 expulerunt

449 1082 507 1126 de
532 1083 659 1135 villa,
691 1083 900 1138 plurimis
928 1085 974 1126 in
1003 1083 1090 1126 boc
1115 1085 1315 1128 tumultu
1351 1085 1548 1131 Gallicis
1580 1087 1724 1132 inter-

450 1149 596 1193 sectis.
671 1149 727 1192 In
769 1150 1000 1193 dominum
1041 1164 1152 1194 vero
1187 1157 1235 1195 et
1269 1152 1553 1197 defensorem
1588 1167 1727 1199 vocn-

450 1223 614 1259 vernnt
647 1215 905 1259 Gnidonem
938 1218 1152 1260 comitem
1185 1218 1442 1271 Namurcii,
1470 1220 1614 1264 fllium
1647 1232 1725 1266 co-

449 1283 573 1326 mitis
629 1283 925 1326 Flandreusis
973 1284 1020 1326 in
1067 1284 1278 1327 custodia
1329 1285 1480 1329 adhuc
1529 1287 1721 1332 detenti.

450 1349 623 1401 Guido‚
668 1351 901 1393 associato
957 1351 1044 1393 sibi
1093 1350 1330 1395 Willelmo
1383 1352 1440 1395 de
1490 1352 1722 1407 Julian-iia,

448 1429 551 1458 cum
578 1430 821 1459 numerosa
840 1417 1134 1460 multitudine
1153 1418 1427 1462 bellatorum
1454 1419 1722 1474 adveniens,

447 1483 582 1525 auxit
636 1483 986 1526 Flandrensium
1032 1485 1211 1527 animos
1263 1484 1509 1541 plurimum
1558 1492 1724 1532 contra

235 1562 387 1589 numu.
450 1549 629 1593 Gallos.
705 1550 891 1593 Interea
933 1550 1184 1602 Robertus,
1224 1564 1379 1595 comes
1417 1551 1723 1598 Attrabaten·

233 1600 324 1622 tvoen
340 1597 389 1623 th·

232 1630 411 1690 ffimssssm
451 1617 532 1667 sis,
556 1629 659 1659 cum
689 1618 894 1660 exercitu
927 1618 1129 1660 maximo
1164 1618 1333 1660 missus
1362 1618 1409 1662 in
1436 1619 1722 1675 flandriam,

232 1697 367 1723 numen
451 1683 571 1726 inter
589 1678 931 1727 'Corturiacum
967 1690 1013 1727 et
1038 1684 1222 1739 Brugas
1252 1686 1453 1729 tentoria
1480 1699 1567 1730 sua
1593 1686 1720 1743 fixit3

231 1730 419 1790 ἷῗῖἷιῖῗω
451 1756 614 1794 contra
654 1764 790 1807 quem
836 1750 1143 1794 Flandrenses
1190 1752 1382 1805 egressi,
1424 1766 1584 1797 omnes
1626 1754 1723 1799 sere

233 1797 302 1823 ’ω’
314 1797 379 1824 '⁰⁸⁸'
451 1818 647 1872 pedites,
668 1817 878 1873 praelium
912 1818 1236 1872 gravissimum
1263 1824 1594 1864 conseruerunt
1615 1834 1724 1866 cum

451 1883 662 1927 Gallicis.
732 1883 913 1936 Quibus
944 1885 1368 1936 subcumbentibus,
1390 1886 1583 1929 comites
1603 1882 1721 1931 ’At-

451 1950 744 2001 trabatensiS,
773 1946 939 2005 ⁴Aug‘i,
977 1957 1024 1993 et
1055 1950 1390 2004 Albae-marlae,
1425 1953 1604 2008 virique
1640 1966 1723 1998 no-

450 2016 565 2060 biles
586 2016 867 2059 Godesridus
890 2017 1020 2059 ducis
1048 2017 1312 2060 Brabantiae
1344 2032 1593 2072 germanus
1614 2033 1720 2064 cum

451 2083 545 2125 filio
584 2096 685 2134 suo,
721 2084 842 2126 filius
877 2084 1059 2126 comitis
1100 2083 1350 2136 Hanoniae,
1395 2085 1627 2130 Radulfus
1662 2087 1723 2132 dc

452 2149 642 2205 Nigella
693 2150 1065 2194 constabularius
1127 2150 1353 2202 Franciae,
1422 2165 1527 2195 cum
1578 2152 1722 2198 fratre

449 2229 535 2259 suo
560 2216 776 2260 Guidone
805 2217 1077 2260 marescallo
1104 2214 1401 2278 ⁵[Franciae,]
1438 2218 1724 2275 Reginaldus

450 2282 507 2325 de
545 2283 660 2326 Tria
700 2284 847 2335 miles,
890 2283 1128 2326 Emericus
1165 2283 1458 2329 Camerarius
1495 2285 1554 2330 de
1594 2286 1723 2332 Tan·

449 2350 655 2401 orevilla,
688 2350 856 2393 Petrus
878 2346 1039 2393 ‘Flote
1067 2352 1189 2406 regis
1223 2351 1506 2395 Francorum
1535 2353 1722 2398 consili-

449 2417 575 2459 arius
623 2417 900 2472 praecipuus,
953 2423 999 2460 et
1050 2419 1347 2461 exactionum
1398 2419 1721 2475 praedictarum

448 2489 611 2525 auctor
640 2484 870 2526 maximus
898 2482 928 2526 J
934 2484 1105 2526 acobus
1138 2485 1186 2528 S.
1213 2485 1367 2538 Pauli,
1399 2486 1447 2528 in
1477 2500 1533 2530 eo
1558 2486 1720 2543 praelio

497 2631 506 2652 ¹
529 2633 613 2666 This
627 2634 721 2667 word
738 2636 768 2667 is
782 2635 867 2668 fmm
883 2635 946 2669 Ar.
962 2639 1042 2671 Μ.
1150 2636 1164 2656 ‘
1187 2639 1198 2657 ‘
1217 2640 1310 2681 Αιιςί
1326 2639 1359 2680 ς’
1386 2640 1488 2674 Man.
1521 2641 1628 2676 wod.
1652 2642 1722 2676 ..Ι

495 2678 509 2699 ²
532 2683 542 2696 ⁴
555 2680 784 2714 cortici-cum
797 2679 821 2719 ς’
839 2683 947 2716 MSS.
1103 2684 1211 2717 Wals,
1228 2688 1284 2719 86.

496 2725 509 2743 ⁸
529 2729 539 2744 ⁸
552 2727 596 2759 de
621 2729 761 2762 Arthois
778 2726 805 2769 ς’
830 2730 930 2763 Mau.
962 2730 1067 2763 West.
1148 2730 1162 2749 ⁸
1184 2732 1269 2764 'rhi-
1284 2732 1378 2766 word
1395 2734 1426 2766 is
1440 2733 1523 2767 tm-
1538 2734 1591 2768 Π.

449 2773 516 2805 and
535 2774 635 2807 Hem.
658 2778 732 2808 1⁹0.
1150 2776 1166 2797 ⁰
1183 2780 1194 2797 ⁸
1211 2779 1307 2813 Flore
1321 2777 1345 2819 ς’
1361 2780 1424 2813 Ar.
1439 2783 1518 2815 220.
