1930 3172
226 1012 386 1039 Alexander

226 1049 260 1073 de
275 1046 370 1072 unies.

229 1655 337 1676 ΙΙΙΙΙΙΙ

435 217 523 260 ‘212
921 228 1016 260 mc.
1040 228 1236 260 τκινκτι

440 330 632 377 'clerum
657 347 912 377 sermonem
937 334 1159 390 explevit.
1230 334 1487 378 Occasione
1509 334 1612 391 eJ'us
1635 333 1719 379 ha-

438 402 635 444 buerunt
657 400 823 444 fratres
852 401 970 444 duas
999 401 1183 445 scholas
1214 402 1331 444 infra
1362 408 1496 457 septa
1517 414 1621 453 sna,
1643 413 1718 445 ro-

437 475 647 511 sumeute
673 481 729 511 eo
756 468 975 511 lectiones
1001 481 1111 511 suas
1137 475 1242 525 post
1264 468 1438 511 ordinis
1456 469 1715 523 ingressum

438 534 498 577 ad
519 536 828 590 importunam
851 535 1119 578 instantiam
1144 535 1422 579 auditorum.
1483 534 1718 579 Sutrini-

440 614 542 645 mus
564 602 736 658 quippe
760 601 1055 645 moralizator
1077 607 1193 654 erat,
1215 608 1267 645 ut
1281 602 1398 645 satis
1421 601 1718 646 considerare

442 669 628 723 poterit,
657 669 737 723 qui
768 668 909 711 libros
938 668 1041 724 ejus
1071 669 1326 725 inspexerit
1358 682 1497 712 manu
1526 668 1716 725 propria

440 734 722 777 emendatos.
794 734 905 777 Fuit
936 734 1230 778 nihilominus
1268 736 1316 778 in
1346 741 1446 779 arte
1476 734 1716 780 medicina

440 800 808 856 expertissimus,
842 806 1006 856 utpote
1037 802 1118 856 qui
1146 808 1239 845 tam
1269 801 1462 845 Parisiis
1491 814 1634 858 quam
1666 802 1717 846 in

443 867 857 923 Montepessulano
911 873 1097 910 rexerat
1143 869 1189 911 in
1236 867 1428 921 eadem3
1481 868 1541 911 de
1581 867 1717 925 cnjus

441 934 564 976 curis
607 940 655 977 et
703 933 1172 990 pronosticationibus
1216 935 1477 979 reseruntur
1517 934 1719 991 plurima

442 1001 726 1044 admiranda.
795 1000 1063 1044 Alexander
1083 1014 1209 1053 vero,
1238 1002 1317 1057 qui
1350 1002 1545 1045 fratrum
1568 1001 1719 1045 Mino-

444 1081 546 1110 rum
581 1068 785 1111 ordinem
821 1068 1058 1123 ingressus
1092 1074 1180 1120 est,
1209 1067 1444 1111 Summam
1473 1068 1720 1124 theologia

443 1134 535 1177 illis
558 1135 840 1190 temporibus
860 1135 1100 1190 perutilem
1117 1136 1472 1191 conscripserat,
1491 1147 1596 1179 cum
1618 1134 1722 1179 dili-

443 1202 601 1256 gentia
623 1202 828 1244 maxima
850 1207 897 1244 et
911 1201 1082 1245 labore.
1120 1201 1250 1245 Obiit
1271 1202 1551 1258 Radulphus
1565 1201 1724 1247 Cice·-

444 1269 613 1312 trensis
636 1269 895 1324 episcopus.

511 1594 740 1638 Joimnss
782 1607 874 1646 rex,
907 1593 1171 1637 Jerusalem
1205 1593 1253 1635 in
1292 1592 1479 1635 Italiam
1518 1593 1725 1645 veniens,

446 1662 587 1704 liliam
636 1675 768 1704 suam
821 1674 960 1717 quam
1013 1661 1194 1703 unicam
1249 1659 1464 1711 habebat,
1512 1658 1724 1703 heredem

447 1729 592 1783 regni,
632 1728 876 1771 Frederico
915 1727 1180 1783 imperatori
1214 1725 1506 1769 matrimonio
1535 1725 1726 1782 copula·

447 1796 544 1848 vit;
576 1795 633 1837 de
669 1807 763 1850 qua
796 1794 1047 1849 imperator
1073 1793 1216 1836 filium
1244 1788 1396 1835 ²suum
1428 1792 1607 1847 genuit,
1638 1805 1724 1838 no·

448 1861 570 1904 mine
601 1860 930 1904 Conradinum.
1000 1859 1130 1903 Obiit
1160 1859 1403 1915 Philippus
1438 1858 1723 1903 Francorum

450 1941 548 1979 rex,
572 1929 645 1971 cui
668 1926 789 1970 filius
814 1927 1075 1970 Lodovicus
1094 1926 1333 1977 successit,
1352 1925 1554 1981 quicum
1578 1938 1726 1969 uxore

449 1990 668 2045 ³Blanca,
698 2000 866 2037 octavo
896 1993 999 2036 idus
1028 1993 1251 2047 Augusti,
1281 2005 1311 2035 a
1346 1990 1597 2035 Guillelmo
1630 1991 1726 2036 Re·

450 2062 596 2104 mensi
639 2060 986 2116 archiepiscopo
1029 2061 1263 2110 inunctus,
1305 2059 1433 2113 regui
1466 2058 1727 2103 diademate

451 2128 712 2183 insignitur.
774 2126 982 2170 Joannes
1014 2138 1099 2168 rex
1129 2125 1408 2176 Jerusalem,
1435 2125 1561 2169 sacta
1594 2137 1727 2181 pere·

451 2195 711 2248 grinatione
742 2193 800 2237 ad
830 2193 878 2236 S.
903 2193 1151 2244 Jacobum,
1189 2193 1419 2235 transiens
1452 2204 1535 2247 per
1569 2204 1727 2248 regem

451 2261 683 2312 Castellae‚
706 2274 909 2303 sororem
933 2260 1036 2316 ejus
1059 2259 1390 2314 Berengariam
1409 2258 1590 2314 accepit
1611 2270 1730 2303 uxo-

452 2341 562 2371 rem.
634 2327 894 2370 Lewelinus
932 2326 1146 2382 princeps
1177 2325 1379 2377 Walliae,
1411 2324 1727 2370 consoederato

448 2394 536 2437 sibi
560 2394 764 2449 Hugone
784 2394 841 2435 de
866 2393 978 2436 Laci
998 2405 1101 2435 cum
1125 2393 1228 2435 aliis
1249 2391 1541 2448 quibusdam,
1564 2404 1726 2448 pacem

450 2460 636 2515 Angliae
660 2459 966 2516 perturbavit,
988 2458 1288 2515 inquietando
1313 2458 1595 2502 Willelmum
1618 2457 1726 2503 Ma·

449 2527 629 2570 rescalli
658 2526 905 2583 juniorem,
945 2527 1229 2581 baronesque
1255 2526 1372 2569 alios
1403 2525 1501 2580 regi
1529 2524 1726 2570 fideliter

448 2594 765 2646 adbaerentes3
797 2606 993 2650 quorum
1025 2592 1389 2636 machinationes
1420 2604 1503 2635 rex
1530 2591 1726 2636 collecto

497 2721 505 2740 ¹
529 2722 540 2741 ‘
552 2722 719 2764 pulpitum
732 2718 753 2762 ς’
771 2722 822 2756 Μ.
837 2724 869 2755 el
885 2721 949 2755 Ar.
1150 2718 1164 2738 ⁸
1184 2721 1194 2739 ‘
1211 2720 1365 2754 Blanchn
1377 2718 1400 2761 ς’
1417 2721 1487 2754 ua
1503 2719 1728 2762 ‘Bi-nebu?

493 2766 508 2789 ¹
532 2769 691 2810 wanting
706 2769 741 2801 in
758 2769 811 2802 Μ.
1103 2766 1165 2800 Ar.
