1930 3172
425 218 514 263 :326
900 231 997 264 mo.
1028 231 1224 264 ‘raivs-ri

209 347 399 406 nauum-M
429 334 655 391 quidquid
685 334 744 377 de
765 341 897 391 parte
919 336 1118 381 adversa
1138 338 1326 381 obvium
1352 338 1514 382 babuit
1533 338 1705 395 prodo

209 382 325 444 ιι-ιῖιο
281 383 360 439 mro
430 414 486 445 ac
512 402 649 445 morti
685 401 822 446 facile
856 402 1149 456 destinando,
1177 404 1286 447 dum
1308 411 1479 449 onusta
1507 405 1616 450 vino
1638 418 1707 450 ro-

211 447 364 515 ἓῗιῗ-σῗ
346 446 383 472 ”⁴¹
434 473 692 512 verteretur
741 468 1063 524 gloriabunda,
1108 472 1243 527 quasi
1289 473 1378 515 sibi
1435 472 1524 516 soli
1565 473 1708 517 maris

432 537 650 579 cessisset
679 536 885 586 libertas.
922 538 1173 593 sexaginta
1206 539 1403 582 navibus
1432 539 1707 595 Anglicanis

433 603 632 658 capitur,
668 608 715 646 et
755 603 802 645 in
844 603 1063 659 Angliam
1106 601 1387 658 'adducitur,
1423 606 1536 650 seria
1569 612 1709 651 sexta

434 675 542 712 ante
574 669 779 723 vigiliam
816 669 1147 724 Pentecostes3
1182 673 1434 716 submersis
1462 679 1546 717 aut
1575 674 1710 718 cesis

436 734 699 778 bominibus
725 736 954 789 omnibus,
983 738 1064 793 qui
1099 744 1232 782 erant
1268 739 1316 782 in
1349 739 1563 793 navibus,
1594 740 1709 785 solis

437 801 528 844 illis
572 802 799 857 exceptis,
837 804 918 859 qui
964 804 1014 847 in
1056 800 1262 861 ²scaphis
1306 806 1388 849 vix
1430 806 1521 851 sibi
1564 806 1707 852 saluti

438 869 622 911 fuerant
672 868 906 923 fugiendo.
998 870 1179 915 Rumor
1227 871 1337 915 faeti
1377 871 1574 917 diffusus
1624 885 1709 930 per

438 934 660 987 Galliam,
713 949 867 991 regem
906 938 1244 995 conciliumque
1295 952 1431 982 suum
1476 953 1568 983 non
1611 945 1707 984 tam

436 1001 760 1054 admiratione,
780 1016 919 1059 quam
945 1003 1263 1059 indignatione
1294 1005 1570 1060 vehementi,
1587 1019 1712 1051 com·

439 1068 599 1111 movit.
669 1068 885 1113 Ordinati
913 1070 1058 1125 igitur
1088 1077 1199 1115 sunt
1232 1073 1592 1126 ambassatores,
1627 1073 1709 1131 qul

436 1149 495 1177 ex
525 1141 657 1190 parte
695 1137 819 1191 regis
848 1137 1131 1182 Francorum
1161 1152 1192 1182 a
1225 1152 1335 1194 rege
1365 1139 1550 1196 Angliae
1578 1146 1710 1197 pete-

436 1208 554 1253 rent,
589 1208 642 1245 ut
682 1204 858 1259 absque
893 1217 1021 1248 mora
1054 1219 1197 1249 naves
1229 1219 1335 1249 cum
1371 1207 1599 1251 mercibus
1626 1221 1711 1265 per

437 1268 643 1312 homines
689 1283 799 1313 suos
846 1277 1022 1326 raptas,
1059 1279 1107 1316 et
1148 1273 1195 1316 in
1229 1286 1375 1327 regno
1416 1286 1503 1318 suo
1530 1270 1711 1332 ’recep-

438 1342 526 1387 tas,
562 1337 843 1388 restitueret,
878 1338 919 1380 si
956 1338 1096 1382 vellet
1132 1353 1221 1383 sua
1252 1340 1440 1395 negotia
1470 1354 1556 1397 pro
1585 1346 1710 1386 terra

439 1402 687 1445 Vascouiae
736 1403 783 1446 in
839 1403 969 1447 curia
1020 1405 1232 1449 Franciae
1272 1406 1590 1452 favorabiliter
1631 1422 1711 1453 ex—

439 1469 597 1523 pediri.
703 1470 854 1526 Super
906 1471 994 1515 hoc
1047 1472 1268 1516 mandato
1311 1486 1394 1517 rex
1434 1474 1710 1529 deliberata,

439 1535 598 1578 habito
647 1537 842 1580 concilio
890 1538 1142 1583 Ricardum
1188 1540 1557 1585 Londoniensem
1609 1544 1711 1599 epi·

435 1616 645 1658 scopum,
672 1604 907 1660 adjunctis
933 1606 1081 1650 eidem
1116 1607 1220 1650 aliis
1250 1608 1363 1651 viris
1393 1607 1712 1664 prudentibus,

436 1669 495 1711 ad
531 1683 685 1724 regem
725 1671 1009 1716 Francorum
1044 1679 1093 1717 et
1126 1687 1261 1718 suum
1306 1675 1550 1719 concilium
1590 1671 1712 1720 ‘cum

439 1735 757 1792 hujuscemodi
831 1740 1088 1784 transmisit
1146 1755 1402 1797 respons03
1481 1742 1711 1796 videlicet,

436 1816 540 1845 cum
576 1816 657 1845 rex
685 1803 871 1859 Angliae
896 1807 1071 1850 curiam
1103 1821 1237 1851 suam
1266 1808 1436 1852 babeat
1467 1809 1582 1853 nulli
1602 1810 1714 1854 sub-

431 1869 624 1925 jectam,
654 1871 734 1926 qui
761 1885 812 1914 se
839 1871 976 1916 laesos
1007 1874 1213 1917 sentiant
1235 1888 1317 1930 per
1339 1874 1548 1918 homines
1580 1877 1712 1932 regni

436 1937 508 1978 sui
553 1937 745 1980 veniant
777 1938 835 1981 ad
871 1940 1048 1982 curiam
1083 1954 1234 1992 suam,
1263 1947 1311 1985 et
1344 1941 1592 1986 declaratis
1622 1943 1711 1987 sibi

438 2002 582 2046 illatis
628 2004 827 2060 injuriis,
875 2020 956 2049 rex
998 2007 1066 2050 eis
1108 2008 1302 2051 celerem
1343 2009 1441 2051 fieri
1475 2009 1710 2065 justitiam

437 2070 699 2123 ordinabit3
732 2072 857 2127 quod
893 2079 944 2115 ut
975 2074 1184 2117 securius
1207 2075 1359 2119 facere
1389 2076 1586 2131 possint,
1606 2077 1711 2133 qui-

438 2137 724 2193 buscumque
768 2140 990 2195 conqueri
1034 2141 1296 2185 volentibus
1338 2155 1421 2185 rex
1461 2142 1520 2186 de
1558 2143 1713 2188 eundo

434 2209 482 2245 et
510 2203 744 2248 redeundo
779 2219 862 2261 per
888 2212 1057 2250 terram
1084 2221 1218 2251 suam
1249 2209 1429 2251 salvum
1453 2209 1584 2254 dabit
1601 2223 1712 2254 cou—

432 2270 639 2313 ductum.
735 2271 873 2325 Quod
920 2274 961 2316 si
1012 2274 1099 2318 hoc
1142 2276 1241 2332 regi
1294 2275 1579 2320 Francorum
1621 2290 1714 2321 non

433 2336 634 2391 placeat,
669 2339 911 2394 eligantur
942 2342 1103 2384 arbitri
1133 2342 1240 2386 binc
1273 2342 1396 2395 inde,
1423 2343 1520 2399 qui,
1551 2356 1717 2400 pensa-

433 2403 493 2445 tis
517 2404 701 2447 damnis
727 2407 972 2464 utriusque
996 2409 1159 2464 partis,
1183 2409 1459 2466 provideant
1483 2411 1716 2468 quomodo

431 2470 787 2525 querelantibus
832 2475 1078 2528 satisfiat;
1133 2482 1182 2519 et
1234 2490 1316 2520 rex
1360 2472 1549 2533 Anglioe
1587 2476 1715 2523 dicto

474 2622 482 2642 ¹
511 2623 715 2658 ‘deducitur
723 2621 748 2667 5⁹
766 2626 817 2659 Μ.
1146 2626 1159 2645 ³
1181 2630 1191 2646 ‘
1205 2624 1424 2669 mcc-’platan'
1440 2628 1507 2670 u..
1517 2628 1595 2670 Ar..
1607 2631 1641 2663 d
1654 2627 1719 2664 Δι’.

472 2714 486 2733 ’·’
510 2718 633 2750 “sc-alis
671 2720 728 2751 six
766 2720 853 2754 salvi
890 2718 1062 2762 sut-rnulf
1098 2678 1190 2740 ²²3⁸
1207 2727 1240 2754 ct
1287 2721 1482 2763 hujusmodl
1535 2721 1720 2756 trun-Ut

432 2759 516 2795 1124.
1097 2778 1292 2810 responsum
1306 2765 1326 2808 ς’
1349 2765 1439 2802 ΠΛ.
