<?xml version="1.0" encoding="UTF-8"?>
<!DOCTYPE html PUBLIC "-//W3C//DTD XHTML 1.0 Transitional//EN"
    "http://www.w3.org/TR/xhtml1/DTD/xhtml1-transitional.dtd">
<html xmlns="http://www.w3.org/1999/xhtml" xml:lang="en" lang="en">
 <head>
  <title>
</title>
<meta http-equiv="Content-Type" content="text/html;charset=utf-8" />
  <meta name='ocr-system' content='tesseract 3.04.00' />
  <meta name='ocr-capabilities' content='ocr_page ocr_carea ocr_par ocr_line ocrx_word'/>
</head>
<body>
  <div class='ocr_page' id='page_1' title='image "./fnicholaitriveti00trivuoft_0398.png"; bbox 0 0 1930 3172; ppageno 0'>
   <div class='ocr_carea' id='block_1_1' title="bbox 496 227 1301 275">
    <p class='ocr_par' dir='ltr' id='par_1_1' title="bbox 496 227 1301 275">
     <span class='ocr_line' id='line_1_1' title="bbox 496 227 1301 275; baseline 0.002 -2"><span class='ocrx_word' id='word_1_1' title='bbox 496 227 586 273; x_wconf 73' lang='lat' dir='ltr'><strong>³oe</strong></span> <span class='ocrx_word' id='word_1_2' title='bbox 983 241 1078 275; x_wconf 77' lang='lat' dir='ltr'><strong>mo.</strong></span> <span class='ocrx_word' id='word_1_3' title='bbox 1103 241 1301 275; x_wconf 77' lang='grc' dir='ltr'>τιινιτι</span> 
     </span>
    </p>
   </div>
   <div class='ocr_carea' id='block_1_2' title="bbox 282 347 1772 470">
    <p class='ocr_par' dir='ltr' id='par_1_2' title="bbox 283 347 1772 470">
     <span class='ocr_line' id='line_1_2' title="bbox 283 347 1772 405; baseline 0.006 -21"><span class='ocrx_word' id='word_1_4' title='bbox 283 357 475 418; x_wconf 60' lang='lat' dir='ltr'><strong>mamm·</strong></span> <span class='ocrx_word' id='word_1_5' title='bbox 500 357 737 389; x_wconf 75' lang='lat' dir='ltr'><strong>rancorem</strong></span> <span class='ocrx_word' id='word_1_6' title='bbox 770 351 976 389; x_wconf 82' lang='lat' dir='ltr'><strong>nostrum</strong></span> <span class='ocrx_word' id='word_1_7' title='bbox 1011 353 1059 391; x_wconf 82' lang='lat' dir='ltr'><strong>ct</strong></span> <span class='ocrx_word' id='word_1_8' title='bbox 1093 347 1261 391; x_wconf 79' lang='lat' dir='ltr'><strong>malam</strong></span> <span class='ocrx_word' id='word_1_9' title='bbox 1294 348 1598 402; x_wconf 78' lang='lat' dir='ltr'><strong>voluntatem,</strong></span> <span class='ocrx_word' id='word_1_10' title='bbox 1633 357 1772 405; x_wconf 76' lang='lat' dir='ltr'><strong>quam</strong></span> 
     </span>
     <span class='ocr_line' id='line_1_3' title="bbox 282 413 1772 470; baseline 0.005 -18.071"><span class='ocrx_word' id='word_1_11' title='bbox 282 425 438 451; x_wconf 69' lang='grc' dir='ltr'><strong>ιιωωοοι</strong></span> <span class='ocrx_word' id='word_1_12' title='bbox 498 425 558 455; x_wconf 82' lang='lat' dir='ltr'><strong>ex</strong></span> <span class='ocrx_word' id='word_1_13' title='bbox 594 413 749 455; x_wconf 80' lang='lat' dir='ltr'><strong>causis</strong></span> <span class='ocrx_word' id='word_1_14' title='bbox 786 413 1018 469; x_wconf 78' lang='lat' dir='ltr'><strong>praedictis</strong></span> <span class='ocrx_word' id='word_1_15' title='bbox 1048 426 1162 470; x_wconf 78' lang='lat' dir='ltr'><strong>erga</strong></span> <span class='ocrx_word' id='word_1_16' title='bbox 1191 428 1271 458; x_wconf 89' lang='lat' dir='ltr'><strong>eos</strong></span> <span class='ocrx_word' id='word_1_17' title='bbox 1306 415 1579 468; x_wconf 83' lang='lat' dir='ltr'><strong>habuimus·</strong></span> <span class='ocrx_word' id='word_1_18' title='bbox 1619 419 1772 460; x_wconf 67' lang='lat' dir='ltr'><strong>mus·</strong></span> 
     </span>
    </p>
   </div>
   <div class='ocr_carea' id='block_1_3' title="bbox 282 447 1773 536">
    <p class='ocr_par' dir='ltr' id='par_1_3' title="bbox 282 447 1773 536">
     <span class='ocr_line' id='line_1_4' title="bbox 282 447 1773 536; baseline 0.005 -17"><span class='ocrx_word' id='word_1_19' title='bbox 282 459 437 519; x_wconf 58' lang='lat' dir='ltr'><strong><em>w</em></strong></span> <span class='ocrx_word' id='word_1_20' title='bbox 500 478 867 535; x_wconf 73' lang='lat' dir='ltr'><strong>gressionesque,</strong></span> <span class='ocrx_word' id='word_1_21' title='bbox 907 480 947 522; x_wconf 81' lang='lat' dir='ltr'><strong>si</strong></span> <span class='ocrx_word' id='word_1_22' title='bbox 985 493 1103 536; x_wconf 86' lang='lat' dir='ltr'><strong>quas</strong></span> <span class='ocrx_word' id='word_1_23' title='bbox 1147 482 1279 525; x_wconf 86' lang='lat' dir='ltr'><strong>nobis</strong></span> <span class='ocrx_word' id='word_1_24' title='bbox 1326 482 1398 525; x_wconf 81' lang='lat' dir='ltr'><strong>vel</strong></span> <span class='ocrx_word' id='word_1_25' title='bbox 1438 447 1610 526; x_wconf 73' lang='lat' dir='ltr'><strong>nostris</strong></span> <span class='ocrx_word' id='word_1_26' title='bbox 1651 481 1773 526; x_wconf 71' lang='grc' dir='ltr'><strong><em>Ῑοοο·</em></strong></span> 
     </span>
    </p>
   </div>
   <div class='ocr_carea' id='block_1_4' title="bbox 282 545 1784 2669">
    <p class='ocr_par' dir='ltr' id='par_1_4' title="bbox 282 545 1776 1655">
     <span class='ocr_line' id='line_1_5' title="bbox 501 545 1717 602; baseline 0.003 -14"><span class='ocrx_word' id='word_1_27' title='bbox 501 545 610 597; x_wconf 80' lang='lat' dir='ltr'><strong>rint‚</strong></span> <span class='ocrx_word' id='word_1_28' title='bbox 630 558 775 601; x_wconf 85' lang='lat' dir='ltr'><strong>usque</strong></span> <span class='ocrx_word' id='word_1_29' title='bbox 794 546 852 589; x_wconf 87' lang='lat' dir='ltr'><strong>ad</strong></span> <span class='ocrx_word' id='word_1_30' title='bbox 876 554 1149 602; x_wconf 76' lang='lat' dir='ltr'><strong>praesentem</strong></span> <span class='ocrx_word' id='word_1_31' title='bbox 1171 548 1344 591; x_wconf 80' lang='lat' dir='ltr'><strong>cbartae</strong></span> <span class='ocrx_word' id='word_1_32' title='bbox 1368 548 1717 592; x_wconf 73' lang='lat' dir='ltr'><strong>confectionem.</strong></span> 
     </span>
     <span class='ocr_line' id='line_1_6' title="bbox 568 612 1773 671; baseline 0.004 -17.167"><span class='ocrx_word' id='word_1_33' title='bbox 568 612 667 655; x_wconf 82' lang='lat' dir='ltr'><strong>&#39;Et</strong></span> <span class='ocrx_word' id='word_1_34' title='bbox 706 612 764 655; x_wconf 84' lang='lat' dir='ltr'><strong>ad</strong></span> <span class='ocrx_word' id='word_1_35' title='bbox 800 613 1018 669; x_wconf 79' lang='lat' dir='ltr'><strong>majorem</strong></span> <span class='ocrx_word' id='word_1_36' title='bbox 1060 614 1199 671; x_wconf 77' lang='lat' dir='ltr'><strong>buJus</strong></span> <span class='ocrx_word' id='word_1_37' title='bbox 1242 615 1308 658; x_wconf 82' lang='lat' dir='ltr'><strong>rei</strong></span> <span class='ocrx_word' id='word_1_38' title='bbox 1344 616 1658 667; x_wconf 78' lang='lat' dir='ltr'><strong>securitatem,</strong></span> <span class='ocrx_word' id='word_1_39' title='bbox 1688 626 1773 659; x_wconf 79' lang='lat' dir='ltr'><strong>vo·</strong></span> 
     </span>
     <span class='ocr_line' id='line_1_7' title="bbox 500 677 1772 736; baseline 0.006 -16"><span class='ocrx_word' id='word_1_40' title='bbox 500 677 653 721; x_wconf 80' lang='lat' dir='ltr'><strong>lomus</strong></span> <span class='ocrx_word' id='word_1_41' title='bbox 698 685 746 722; x_wconf 83' lang='lat' dir='ltr'><strong>et</strong></span> <span class='ocrx_word' id='word_1_42' title='bbox 785 679 1080 723; x_wconf 75' lang='lat' dir='ltr'><strong>concedimus</strong></span> <span class='ocrx_word' id='word_1_43' title='bbox 1127 693 1211 736; x_wconf 83' lang='lat' dir='ltr'><strong>pro</strong></span> <span class='ocrx_word' id='word_1_44' title='bbox 1262 682 1396 725; x_wconf 84' lang='lat' dir='ltr'><strong>nobis</strong></span> <span class='ocrx_word' id='word_1_45' title='bbox 1437 688 1486 726; x_wconf 91' lang='lat' dir='ltr'><strong>et</strong></span> <span class='ocrx_word' id='word_1_46' title='bbox 1526 681 1772 726; x_wconf 73' lang='lat' dir='ltr'><strong>herodibus</strong></span> 
     </span>
     <span class='ocr_line' id='line_1_8' title="bbox 501 745 1771 806; baseline 0.005 -20"><span class='ocrx_word' id='word_1_47' title='bbox 501 745 688 796; x_wconf 82' lang='lat' dir='ltr'><strong>nostris,</strong></span> <span class='ocrx_word' id='word_1_48' title='bbox 735 746 857 800; x_wconf 87' lang='lat' dir='ltr'><strong>quod</strong></span> <span class='ocrx_word' id='word_1_49' title='bbox 905 759 1064 789; x_wconf 86' lang='lat' dir='ltr'><strong>omnes</strong></span> <span class='ocrx_word' id='word_1_50' title='bbox 1106 746 1440 804; x_wconf 81' lang='lat' dir='ltr'><strong>archiepiscopi</strong></span> <span class='ocrx_word' id='word_1_51' title='bbox 1481 753 1530 792; x_wconf 91' lang='lat' dir='ltr'><strong>et</strong></span> <span class='ocrx_word' id='word_1_52' title='bbox 1565 747 1771 806; x_wconf 76' lang='lat' dir='ltr'><strong>episcopi</strong></span> 
     </span>
     <span class='ocr_line' id='line_1_9' title="bbox 502 809 1771 868; baseline 0.006 -16"><span class='ocrx_word' id='word_1_53' title='bbox 502 809 688 865; x_wconf 81' lang='lat' dir='ltr'><strong>Angliae</strong></span> <span class='ocrx_word' id='word_1_54' title='bbox 739 812 788 854; x_wconf 90' lang='lat' dir='ltr'><strong>in</strong></span> <span class='ocrx_word' id='word_1_55' title='bbox 841 818 1130 868; x_wconf 82' lang='lat' dir='ltr'><strong>perpetuum,</strong></span> <span class='ocrx_word' id='word_1_56' title='bbox 1180 814 1227 856; x_wconf 86' lang='lat' dir='ltr'><strong>in</strong></span> <span class='ocrx_word' id='word_1_57' title='bbox 1279 815 1377 857; x_wconf 79' lang='lat' dir='ltr'><strong>suis</strong></span> <span class='ocrx_word' id='word_1_58' title='bbox 1428 814 1771 859; x_wconf 64' lang='lat' dir='ltr'><strong>cathedralibus</strong></span> 
     </span>
     <span class='ocr_line' id='line_1_10' title="bbox 501 877 1771 934; baseline 0.006 -15"><span class='ocrx_word' id='word_1_59' title='bbox 501 877 708 920; x_wconf 84' lang='lat' dir='ltr'><strong>ecclesiis</strong></span> <span class='ocrx_word' id='word_1_60' title='bbox 751 877 910 921; x_wconf 86' lang='lat' dir='ltr'><strong>habita</strong></span> <span class='ocrx_word' id='word_1_61' title='bbox 952 885 1179 934; x_wconf 66' lang='lat' dir='ltr'><strong>praesente</strong></span> <span class='ocrx_word' id='word_1_62' title='bbox 1222 880 1386 924; x_wconf 78' lang='lat' dir='ltr'><strong>charta</strong></span> <span class='ocrx_word' id='word_1_63' title='bbox 1423 886 1471 924; x_wconf 90' lang='lat' dir='ltr'><strong>et</strong></span> <span class='ocrx_word' id='word_1_64' title='bbox 1508 880 1647 934; x_wconf 75' lang='lat' dir='ltr'><strong>lecta,</strong></span> <span class='ocrx_word' id='word_1_65' title='bbox 1686 893 1771 926; x_wconf 77' lang='lat' dir='ltr'><strong>ex·</strong></span> 
     </span>
     <span class='ocr_line' id='line_1_11' title="bbox 501 945 1772 1003; baseline 0.005 -17"><span class='ocrx_word' id='word_1_66' title='bbox 501 945 840 988; x_wconf 80' lang='lat' dir='ltr'><strong>communicent</strong></span> <span class='ocrx_word' id='word_1_67' title='bbox 877 945 1058 1001; x_wconf 88' lang='lat' dir='ltr'><strong>publice</strong></span> <span class='ocrx_word' id='word_1_68' title='bbox 1098 946 1221 989; x_wconf 91' lang='lat' dir='ltr'><strong>etin</strong></span> <span class='ocrx_word' id='word_1_69' title='bbox 1263 947 1460 1003; x_wconf 76' lang='lat' dir='ltr'><strong>singulis</strong></span> <span class='ocrx_word' id='word_1_70' title='bbox 1497 947 1772 1003; x_wconf 79' lang='lat' dir='ltr'><strong>parochiali·</strong></span> 
     </span>
     <span class='ocr_line' id='line_1_12' title="bbox 502 1010 1773 1059; baseline 0.005 -6"><span class='ocrx_word' id='word_1_71' title='bbox 502 1010 588 1053; x_wconf 82' lang='lat' dir='ltr'><strong>bus</strong></span> <span class='ocrx_word' id='word_1_72' title='bbox 625 1011 832 1054; x_wconf 88' lang='lat' dir='ltr'><strong>ecclesiis</strong></span> <span class='ocrx_word' id='word_1_73' title='bbox 874 1025 1062 1055; x_wconf 75' lang='lat' dir='ltr'><strong>suarum</strong></span> <span class='ocrx_word' id='word_1_74' title='bbox 1099 1012 1349 1057; x_wconf 82' lang='lat' dir='ltr'><strong>diocesium</strong></span> <span class='ocrx_word' id='word_1_75' title='bbox 1387 1014 1773 1059; x_wconf 78' lang='lat' dir='ltr'><strong>excommunicari</strong></span> 
     </span>
     <span class='ocr_line' id='line_1_13' title="bbox 501 1076 1771 1133; baseline 0.004 -13"><span class='ocrx_word' id='word_1_76' title='bbox 501 1076 691 1129; x_wconf 84' lang='lat' dir='ltr'><strong>saciant,</strong></span> <span class='ocrx_word' id='word_1_77' title='bbox 723 1091 806 1121; x_wconf 75' lang='lat' dir='ltr'><strong>seu</strong></span> <span class='ocrx_word' id='word_1_78' title='bbox 840 1080 1265 1124; x_wconf 85' lang='lat' dir='ltr'><strong>excommunicatos</strong></span> <span class='ocrx_word' id='word_1_79' title='bbox 1294 1080 1578 1133; x_wconf 81' lang='lat' dir='ltr'><strong>denunciari,</strong></span> <span class='ocrx_word' id='word_1_80' title='bbox 1602 1076 1696 1125; x_wconf 78' lang='lat' dir='ltr'><strong>&#39;bis</strong></span> <span class='ocrx_word' id='word_1_81' title='bbox 1724 1081 1771 1125; x_wconf 84' lang='lat' dir='ltr'><strong>in</strong></span> 
     </span>
     <span class='ocr_line' id='line_1_14' title="bbox 501 1146 1776 1203; baseline 0.005 -17"><span class='ocrx_word' id='word_1_82' title='bbox 501 1156 640 1196; x_wconf 90' lang='lat' dir='ltr'><strong>anno,</strong></span> <span class='ocrx_word' id='word_1_83' title='bbox 665 1158 824 1188; x_wconf 83' lang='lat' dir='ltr'><strong>omnes</strong></span> <span class='ocrx_word' id='word_1_84' title='bbox 854 1146 934 1201; x_wconf 89' lang='lat' dir='ltr'><strong>qui</strong></span> <span class='ocrx_word' id='word_1_85' title='bbox 964 1152 1127 1189; x_wconf 85' lang='lat' dir='ltr'><strong>contra</strong></span> <span class='ocrx_word' id='word_1_86' title='bbox 1150 1152 1353 1190; x_wconf 79' lang='lat' dir='ltr'><strong>tenorem</strong></span> <span class='ocrx_word' id='word_1_87' title='bbox 1378 1147 1621 1203; x_wconf 78' lang='lat' dir='ltr'><strong>praesentis</strong></span> <span class='ocrx_word' id='word_1_88' title='bbox 1642 1147 1776 1192; x_wconf 69' lang='lat' dir='ltr'><strong>char-</strong></span> 
     </span>
     <span class='ocr_line' id='line_1_15' title="bbox 502 1211 1775 1269; baseline 0.005 -16"><span class='ocrx_word' id='word_1_89' title='bbox 502 1215 563 1253; x_wconf 78' lang='lat' dir='ltr'><strong>tae</strong></span> <span class='ocrx_word' id='word_1_90' title='bbox 583 1211 674 1253; x_wconf 87' lang='lat' dir='ltr'><strong>vim</strong></span> <span class='ocrx_word' id='word_1_91' title='bbox 693 1218 740 1254; x_wconf 90' lang='lat' dir='ltr'><strong>et</strong></span> <span class='ocrx_word' id='word_1_92' title='bbox 762 1211 972 1255; x_wconf 78' lang='lat' dir='ltr'><strong>effectum</strong></span> <span class='ocrx_word' id='word_1_93' title='bbox 997 1212 1043 1255; x_wconf 88' lang='lat' dir='ltr'><strong>in</strong></span> <span class='ocrx_word' id='word_1_94' title='bbox 1065 1226 1339 1269; x_wconf 89' lang='lat' dir='ltr'><strong>quocunque</strong></span> <span class='ocrx_word' id='word_1_95' title='bbox 1359 1214 1558 1258; x_wconf 81' lang='lat' dir='ltr'><strong>articulo</strong></span> <span class='ocrx_word' id='word_1_96' title='bbox 1575 1214 1775 1258; x_wconf 77' lang='lat' dir='ltr'><strong>scienter</strong></span> 
     </span>
     <span class='ocr_line' id='line_1_16' title="bbox 502 1276 1772 1337; baseline 0.005 -18"><span class='ocrx_word' id='word_1_97' title='bbox 502 1276 711 1330; x_wconf 79' lang='lat' dir='ltr'><strong>fecerint,</strong></span> <span class='ocrx_word' id='word_1_98' title='bbox 739 1284 821 1321; x_wconf 85' lang='lat' dir='ltr'><strong>aut</strong></span> <span class='ocrx_word' id='word_1_99' title='bbox 860 1279 958 1321; x_wconf 82' lang='lat' dir='ltr'><strong>fieri</strong></span> <span class='ocrx_word' id='word_1_100' title='bbox 991 1281 1357 1335; x_wconf 76' lang='lat' dir='ltr'><strong>procuraverint,</strong></span> <span class='ocrx_word' id='word_1_101' title='bbox 1387 1293 1574 1337; x_wconf 82' lang='lat' dir='ltr'><strong>quoque</strong></span> <span class='ocrx_word' id='word_1_102' title='bbox 1607 1277 1772 1325; x_wconf 62' lang='lat' dir='ltr'><strong>modo?</strong></span> 
     </span>
     <span class='ocr_line' id='line_1_17' title="bbox 283 1343 1773 1404; baseline 0.004 -18"><span class='ocrx_word' id='word_1_103' title='bbox 283 1359 427 1393; x_wconf 67' lang='lat' dir='ltr'><strong>mun.</strong></span> <span class='ocrx_word' id='word_1_104' title='bbox 503 1343 664 1387; x_wconf 84' lang='lat' dir='ltr'><strong>Missis</strong></span> <span class='ocrx_word' id='word_1_105' title='bbox 687 1345 754 1387; x_wconf 83' lang='lat' dir='ltr'><strong>sic</strong></span> <span class='ocrx_word' id='word_1_106' title='bbox 777 1346 823 1387; x_wconf 86' lang='lat' dir='ltr'><strong>in</strong></span> <span class='ocrx_word' id='word_1_107' title='bbox 857 1345 1122 1388; x_wconf 86' lang='lat' dir='ltr'><strong>Flandriam</strong></span> <span class='ocrx_word' id='word_1_108' title='bbox 1152 1347 1325 1390; x_wconf 82' lang='lat' dir='ltr'><strong>nuntiis</strong></span> <span class='ocrx_word' id='word_1_109' title='bbox 1348 1347 1439 1390; x_wconf 89' lang='lat' dir='ltr'><strong>ad</strong></span> <span class='ocrx_word' id='word_1_110' title='bbox 1426 1360 1578 1403; x_wconf 77' lang='lat' dir='ltr'><strong>ipsum</strong></span> <span class='ocrx_word' id='word_1_111' title='bbox 1600 1360 1773 1404; x_wconf 56' lang='lat' dir='ltr'><strong>mem.</strong></span> 
     </span>
     <span class='ocr_line' id='line_1_18' title="bbox 282 1394 1773 1469; baseline 0.004 -17"><span class='ocrx_word' id='word_1_112' title='bbox 282 1394 330 1426; x_wconf 71' lang='lat'><strong>&#39;⁵&#39;</strong></span> <span class='ocrx_word' id='word_1_113' title='bbox 393 1431 423 1453; x_wconf 80' lang='grc' dir='ltr'><strong>ω</strong></span> <span class='ocrx_word' id='word_1_114' title='bbox 501 1410 894 1454; x_wconf 81' lang='lat' dir='ltr'><strong>confirmationem</strong></span> <span class='ocrx_word' id='word_1_115' title='bbox 916 1413 1115 1455; x_wconf 90' lang='lat' dir='ltr'><strong>omnium</strong></span> <span class='ocrx_word' id='word_1_116' title='bbox 1132 1413 1325 1456; x_wconf 84' lang='lat' dir='ltr'><strong>istorum</strong></span> <span class='ocrx_word' id='word_1_117' title='bbox 1350 1427 1431 1469; x_wconf 85' lang='lat' dir='ltr'><strong>per</strong></span> <span class='ocrx_word' id='word_1_118' title='bbox 1453 1413 1662 1458; x_wconf 81' lang='lat' dir='ltr'><strong>chartam</strong></span> <span class='ocrx_word' id='word_1_119' title='bbox 1684 1414 1773 1458; x_wconf 74' lang='lat' dir='ltr'><strong>sub</strong></span> 
     </span>
     <span class='ocr_line' id='line_1_19' title="bbox 284 1468 1773 1537; baseline 0.003 -16"><span class='ocrx_word' id='word_1_120' title='bbox 284 1468 472 1521; x_wconf 54' lang='lat' dir='ltr'><strong>moa-Zau.</strong></span> <span class='ocrx_word' id='word_1_121' title='bbox 501 1477 658 1532; x_wconf 80' lang='lat' dir='ltr'><strong>sigillo</strong></span> <span class='ocrx_word' id='word_1_122' title='bbox 690 1491 792 1527; x_wconf 81' lang='lat' dir='ltr'><strong>suo,</strong></span> <span class='ocrx_word' id='word_1_123' title='bbox 829 1484 1050 1534; x_wconf 81' lang='lat' dir='ltr'><strong>tanquam</strong></span> <span class='ocrx_word' id='word_1_124' title='bbox 1090 1480 1150 1522; x_wconf 90' lang='lat' dir='ltr'><strong>ab</strong></span> <span class='ocrx_word' id='word_1_125' title='bbox 1184 1494 1240 1524; x_wconf 91' lang='lat' dir='ltr'><strong>eo</strong></span> <span class='ocrx_word' id='word_1_126' title='bbox 1270 1481 1350 1535; x_wconf 90' lang='lat' dir='ltr'><strong>qui</strong></span> <span class='ocrx_word' id='word_1_127' title='bbox 1379 1481 1426 1523; x_wconf 92' lang='lat' dir='ltr'><strong>in</strong></span> <span class='ocrx_word' id='word_1_128' title='bbox 1460 1485 1564 1524; x_wconf 80' lang='lat' dir='ltr'><strong>arto</strong></span> <span class='ocrx_word' id='word_1_129' title='bbox 1593 1481 1773 1537; x_wconf 77' lang='lat' dir='ltr'><strong>positus</strong></span> 
     </span>
     <span class='ocr_line' id='line_1_20' title="bbox 501 1542 1775 1603; baseline 0.005 -17"><span class='ocrx_word' id='word_1_130' title='bbox 501 1549 619 1596; x_wconf 85' lang='lat' dir='ltr'><strong>erat,</strong></span> <span class='ocrx_word' id='word_1_131' title='bbox 649 1550 695 1587; x_wconf 88' lang='lat' dir='ltr'><strong>et</strong></span> <span class='ocrx_word' id='word_1_132' title='bbox 733 1544 985 1588; x_wconf 89' lang='lat' dir='ltr'><strong>cedendum</strong></span> <span class='ocrx_word' id='word_1_133' title='bbox 1030 1546 1220 1590; x_wconf 73' lang='lat' dir='ltr'><strong>malitiae</strong></span> <span class='ocrx_word' id='word_1_134' title='bbox 1253 1542 1534 1603; x_wconf 81' lang='lat' dir='ltr'><strong>&#39;temporum</strong></span> <span class='ocrx_word' id='word_1_135' title='bbox 1579 1547 1775 1600; x_wconf 80' lang='lat' dir='ltr'><strong>censuit,</strong></span> 
     </span>
     <span class='ocr_line' id='line_1_21' title="bbox 499 1611 813 1655; baseline 0.003 -1"><span class='ocrx_word' id='word_1_136' title='bbox 499 1611 813 1655; x_wconf 85' lang='lat' dir='ltr'><strong>obtinuerunt.</strong></span> 
     </span>
    </p>

    <p class='ocr_par' dir='ltr' id='par_1_5' title="bbox 503 1677 1778 1870">
     <span class='ocr_line' id='line_1_22' title="bbox 571 1677 1778 1726; baseline 0.004 -6"><span class='ocrx_word' id='word_1_137' title='bbox 571 1677 664 1721; x_wconf 87' lang='lat' dir='ltr'><strong>Pro</strong></span> <span class='ocrx_word' id='word_1_138' title='bbox 716 1678 1063 1723; x_wconf 81' lang='lat' dir='ltr'><strong>confirmatione</strong></span> <span class='ocrx_word' id='word_1_139' title='bbox 1128 1679 1290 1723; x_wconf 87' lang='lat' dir='ltr'><strong>barum</strong></span> <span class='ocrx_word' id='word_1_140' title='bbox 1349 1693 1500 1724; x_wconf 84' lang='lat' dir='ltr'><strong>rerum</strong></span> <span class='ocrx_word' id='word_1_141' title='bbox 1551 1680 1778 1726; x_wconf 84' lang='lat' dir='ltr'><strong>dederunt</strong></span> 
     </span>
     <span class='ocr_line' id='line_1_23' title="bbox 503 1745 1775 1821; baseline 0.005 -35"><span class='ocrx_word' id='word_1_142' title='bbox 503 1745 602 1821; x_wconf 78' lang='lat' dir='ltr'><strong>regi</strong></span> <span class='ocrx_word' id='word_1_143' title='bbox 640 1745 840 1801; x_wconf 81' lang='lat' dir='ltr'><strong>populus</strong></span> <span class='ocrx_word' id='word_1_144' title='bbox 877 1746 1115 1789; x_wconf 81' lang='lat' dir='ltr'><strong>denarium</strong></span> <span class='ocrx_word' id='word_1_145' title='bbox 1156 1759 1344 1799; x_wconf 88' lang='lat' dir='ltr'><strong>nonum,</strong></span> <span class='ocrx_word' id='word_1_146' title='bbox 1379 1747 1531 1791; x_wconf 82' lang='lat' dir='ltr'><strong>clerus</strong></span> <span class='ocrx_word' id='word_1_147' title='bbox 1565 1747 1775 1792; x_wconf 80' lang='lat' dir='ltr'><strong>Cantua·</strong></span> 
     </span>
     <span class='ocr_line' id='line_1_24' title="bbox 503 1811 1774 1870; baseline 0.003 -16"><span class='ocrx_word' id='word_1_148' title='bbox 503 1811 667 1854; x_wconf 84' lang='lat' dir='ltr'><strong>riensis</strong></span> <span class='ocrx_word' id='word_1_149' title='bbox 690 1812 932 1865; x_wconf 86' lang='lat' dir='ltr'><strong>decimum,</strong></span> <span class='ocrx_word' id='word_1_150' title='bbox 963 1818 1012 1856; x_wconf 90' lang='lat' dir='ltr'><strong>et</strong></span> <span class='ocrx_word' id='word_1_151' title='bbox 1041 1813 1192 1856; x_wconf 84' lang='lat' dir='ltr'><strong>clerus</strong></span> <span class='ocrx_word' id='word_1_152' title='bbox 1217 1813 1522 1858; x_wconf 78' lang='lat' dir='ltr'><strong>Eboracensis</strong></span> <span class='ocrx_word' id='word_1_153' title='bbox 1544 1814 1774 1870; x_wconf 85' lang='lat' dir='ltr'><strong>quintum,</strong></span> 
     </span>
    </p>

    <p class='ocr_par' dir='ltr' id='par_1_6' title="bbox 286 1873 1784 2669">
     <span class='ocr_line' id='line_1_25' title="bbox 286 1873 1776 1953; baseline 0.003 -33.008"><span class='ocrx_word' id='word_1_154' title='bbox 286 1893 476 1953; x_wconf 52' lang='lat' dir='ltr'><strong>rma-¹1:53</strong></span> <span class='ocrx_word' id='word_1_155' title='bbox 504 1878 615 1933; x_wconf 88' lang='lat' dir='ltr'><strong>quia</strong></span> <span class='ocrx_word' id='word_1_156' title='bbox 667 1873 879 1933; x_wconf 72' lang='lat' dir='ltr'><strong>⁸propior</strong></span> <span class='ocrx_word' id='word_1_157' title='bbox 921 1878 1090 1922; x_wconf 90' lang='lat' dir='ltr'><strong>damno</strong></span> <span class='ocrx_word' id='word_1_158' title='bbox 1134 1885 1250 1923; x_wconf 86' lang='lat' dir='ltr'><strong>erat.</strong></span> <span class='ocrx_word' id='word_1_159' title='bbox 1342 1880 1591 1924; x_wconf 74' lang='lat' dir='ltr'><strong>Mandavit</strong></span> <span class='ocrx_word' id='word_1_160' title='bbox 1634 1881 1776 1924; x_wconf 85' lang='lat' dir='ltr'><strong>etiam</strong></span> 
     </span>
     <span class='ocr_line' id='line_1_26' title="bbox 505 1945 1776 2003; baseline 0.004 -17"><span class='ocrx_word' id='word_1_161' title='bbox 505 1957 589 1987; x_wconf 81' lang='lat' dir='ltr'><strong>rex</strong></span> <span class='ocrx_word' id='word_1_162' title='bbox 628 1945 874 1988; x_wconf 76' lang='lat' dir='ltr'><strong>comitibus</strong></span> <span class='ocrx_word' id='word_1_163' title='bbox 912 1952 960 1989; x_wconf 87' lang='lat' dir='ltr'><strong>et</strong></span> <span class='ocrx_word' id='word_1_164' title='bbox 1003 1947 1299 2000; x_wconf 74' lang='lat' dir='ltr'><strong>magnatibus</strong></span> <span class='ocrx_word' id='word_1_165' title='bbox 1340 1953 1494 1998; x_wconf 69' lang='grc' dir='ltr'>ωτι-ω,</span> <span class='ocrx_word' id='word_1_166' title='bbox 1539 1946 1662 2003; x_wconf 87' lang='lat' dir='ltr'><strong>quod</strong></span> <span class='ocrx_word' id='word_1_167' title='bbox 1700 1960 1776 1991; x_wconf 90' lang='lat' dir='ltr'><strong>co-</strong></span> 
     </span>
     <span class='ocr_line' id='line_1_27' title="bbox 505 2010 1775 2058; baseline 0.004 -5"><span class='ocrx_word' id='word_1_168' title='bbox 505 2011 604 2053; x_wconf 87' lang='lat' dir='ltr'><strong>miti</strong></span> <span class='ocrx_word' id='word_1_169' title='bbox 641 2010 699 2054; x_wconf 88' lang='lat' dir='ltr'><strong>de</strong></span> <span class='ocrx_word' id='word_1_170' title='bbox 734 2010 972 2054; x_wconf 80' lang='lat' dir='ltr'><strong>Warenna</strong></span> <span class='ocrx_word' id='word_1_171' title='bbox 1001 2012 1181 2055; x_wconf 84' lang='lat' dir='ltr'><strong>custodi</strong></span> <span class='ocrx_word' id='word_1_172' title='bbox 1212 2012 1382 2056; x_wconf 77' lang='lat' dir='ltr'><strong>Scotiae</strong></span> <span class='ocrx_word' id='word_1_173' title='bbox 1415 2013 1685 2058; x_wconf 73' lang='lat' dir='ltr'><strong>assisterem</strong></span> <span class='ocrx_word' id='word_1_174' title='bbox 1714 2013 1775 2058; x_wconf 80' lang='lat' dir='ltr'><strong>ad</strong></span> 
     </span>
     <span class='ocr_line' id='line_1_28' title="bbox 504 2077 1780 2136; baseline 0.004 -17"><span class='ocrx_word' id='word_1_175' title='bbox 504 2077 897 2133; x_wconf 85' lang='lat' dir='ltr'><strong>comprimendum</strong></span> <span class='ocrx_word' id='word_1_176' title='bbox 936 2078 1207 2122; x_wconf 84' lang='lat' dir='ltr'><strong>rebelliones</strong></span> <span class='ocrx_word' id='word_1_177' title='bbox 1243 2078 1504 2132; x_wconf 82' lang='lat' dir='ltr'><strong>Scotorum,</strong></span> <span class='ocrx_word' id='word_1_178' title='bbox 1533 2080 1780 2136; x_wconf 61' lang='lat' dir='ltr'><strong>prefigens</strong></span> 
     </span>
     <span class='ocr_line' id='line_1_29' title="bbox 505 2145 1778 2203; baseline 0.004 -17"><span class='ocrx_word' id='word_1_179' title='bbox 505 2145 573 2186; x_wconf 90' lang='lat' dir='ltr'><strong>eis</strong></span> <span class='ocrx_word' id='word_1_180' title='bbox 609 2145 852 2187; x_wconf 85' lang='lat' dir='ltr'><strong>terminum</strong></span> <span class='ocrx_word' id='word_1_181' title='bbox 888 2152 1079 2188; x_wconf 84' lang='lat' dir='ltr'><strong>octavas</strong></span> <span class='ocrx_word' id='word_1_182' title='bbox 1114 2146 1163 2189; x_wconf 91' lang='lat' dir='ltr'><strong>S.</strong></span> <span class='ocrx_word' id='word_1_183' title='bbox 1196 2146 1386 2198; x_wconf 82' lang='lat' dir='ltr'><strong>Hilarii,</strong></span> <span class='ocrx_word' id='word_1_184' title='bbox 1420 2147 1467 2190; x_wconf 90' lang='lat' dir='ltr'><strong>in</strong></span> <span class='ocrx_word' id='word_1_185' title='bbox 1498 2159 1592 2203; x_wconf 88' lang='lat' dir='ltr'><strong>quo</strong></span> <span class='ocrx_word' id='word_1_186' title='bbox 1625 2147 1778 2203; x_wconf 77' lang='lat' dir='ltr'><strong>parati</strong></span> 
     </span>
     <span class='ocr_line' id='line_1_30' title="bbox 506 2210 1779 2270; baseline 0.004 -17"><span class='ocrx_word' id='word_1_187' title='bbox 506 2210 657 2254; x_wconf 77' lang='lat' dir='ltr'><strong>forent</strong></span> <span class='ocrx_word' id='word_1_188' title='bbox 697 2210 893 2255; x_wconf 81' lang='lat' dir='ltr'><strong>Eboraci</strong></span> <span class='ocrx_word' id='word_1_189' title='bbox 931 2218 1095 2255; x_wconf 80' lang='lat' dir='ltr'><strong>contra</strong></span> <span class='ocrx_word' id='word_1_190' title='bbox 1137 2212 1293 2256; x_wconf 87' lang='lat' dir='ltr'><strong>hostes</strong></span> <span class='ocrx_word' id='word_1_191' title='bbox 1336 2213 1527 2256; x_wconf 83' lang='lat' dir='ltr'><strong>ulterius</strong></span> <span class='ocrx_word' id='word_1_192' title='bbox 1564 2226 1779 2270; x_wconf 73' lang='lat' dir='ltr'><strong>progres-</strong></span> 
     </span>
     <span class='ocr_line' id='line_1_31' title="bbox 506 2278 1781 2338; baseline 0.004 -19"><span class='ocrx_word' id='word_1_193' title='bbox 506 2278 633 2329; x_wconf 75' lang='lat' dir='ltr'><strong>suri3</strong></span> <span class='ocrx_word' id='word_1_194' title='bbox 677 2278 734 2320; x_wconf 88' lang='lat' dir='ltr'><strong>ad</strong></span> <span class='ocrx_word' id='word_1_195' title='bbox 768 2292 902 2333; x_wconf 87' lang='lat' dir='ltr'><strong>quem</strong></span> <span class='ocrx_word' id='word_1_196' title='bbox 934 2279 1054 2322; x_wconf 87' lang='lat' dir='ltr'><strong>diem</strong></span> <span class='ocrx_word' id='word_1_197' title='bbox 1093 2285 1141 2323; x_wconf 89' lang='lat' dir='ltr'><strong>et</strong></span> <span class='ocrx_word' id='word_1_198' title='bbox 1177 2279 1328 2322; x_wconf 90' lang='lat' dir='ltr'><strong>locum</strong></span> <span class='ocrx_word' id='word_1_199' title='bbox 1366 2279 1604 2324; x_wconf 78' lang='lat' dir='ltr'><strong>mandavit</strong></span> <span class='ocrx_word' id='word_1_200' title='bbox 1633 2281 1781 2338; x_wconf 77' lang='lat' dir='ltr'><strong>maJo·</strong></span> 
     </span>
     <span class='ocr_line' id='line_1_32' title="bbox 508 2345 1782 2403; baseline 0.004 -17"><span class='ocrx_word' id='word_1_201' title='bbox 508 2345 633 2387; x_wconf 79' lang='lat' dir='ltr'><strong>ribus</strong></span> <span class='ocrx_word' id='word_1_202' title='bbox 674 2345 843 2387; x_wconf 79' lang='lat' dir='ltr'><strong>Scotioe</strong></span> <span class='ocrx_word' id='word_1_203' title='bbox 878 2351 930 2388; x_wconf 87' lang='lat' dir='ltr'><strong>ut</strong></span> <span class='ocrx_word' id='word_1_204' title='bbox 964 2346 1190 2397; x_wconf 80' lang='lat' dir='ltr'><strong>venirent,</strong></span> <span class='ocrx_word' id='word_1_205' title='bbox 1234 2346 1439 2403; x_wconf 89' lang='lat' dir='ltr'><strong>alioquin</strong></span> <span class='ocrx_word' id='word_1_206' title='bbox 1474 2346 1631 2390; x_wconf 81' lang='lat' dir='ltr'><strong>hostes</strong></span> <span class='ocrx_word' id='word_1_207' title='bbox 1665 2347 1782 2403; x_wconf 82' lang='lat' dir='ltr'><strong>pub-</strong></span> 
     </span>
     <span class='ocr_line' id='line_1_33' title="bbox 506 2410 1780 2458; baseline 0.004 -6"><span class='ocrx_word' id='word_1_208' title='bbox 506 2410 583 2453; x_wconf 84' lang='lat' dir='ltr'><strong>lici</strong></span> <span class='ocrx_word' id='word_1_209' title='bbox 614 2410 904 2454; x_wconf 83' lang='lat' dir='ltr'><strong>haberentur.</strong></span> <span class='ocrx_word' id='word_1_210' title='bbox 967 2411 1093 2456; x_wconf 78' lang='lat' dir='ltr'><strong>Ante</strong></span> <span class='ocrx_word' id='word_1_211' title='bbox 1115 2412 1288 2456; x_wconf 83' lang='lat' dir='ltr'><strong>Natale</strong></span> <span class='ocrx_word' id='word_1_212' title='bbox 1312 2413 1548 2457; x_wconf 78' lang='lat' dir='ltr'><strong>Robertus</strong></span> <span class='ocrx_word' id='word_1_213' title='bbox 1576 2413 1635 2457; x_wconf 85' lang='lat' dir='ltr'><strong>de</strong></span> <span class='ocrx_word' id='word_1_214' title='bbox 1664 2413 1780 2458; x_wconf 78' lang='lat' dir='ltr'><strong>clis-</strong></span> 
     </span>
     <span class='ocr_line' id='line_1_34' title="bbox 506 2476 1782 2537; baseline 0.003 -18"><span class='ocrx_word' id='word_1_215' title='bbox 506 2476 625 2528; x_wconf 81' lang='lat' dir='ltr'><strong>sord,</strong></span> <span class='ocrx_word' id='word_1_216' title='bbox 665 2478 796 2521; x_wconf 83' lang='lat' dir='ltr'><strong>miles</strong></span> <span class='ocrx_word' id='word_1_217' title='bbox 837 2479 1047 2531; x_wconf 76' lang='lat' dir='ltr'><strong>illustris,</strong></span> <span class='ocrx_word' id='word_1_218' title='bbox 1078 2492 1183 2522; x_wconf 90' lang='lat' dir='ltr'><strong>cum</strong></span> <span class='ocrx_word' id='word_1_219' title='bbox 1224 2486 1406 2523; x_wconf 88' lang='lat' dir='ltr'><strong>centum</strong></span> <span class='ocrx_word' id='word_1_220' title='bbox 1450 2480 1659 2532; x_wconf 82' lang='lat' dir='ltr'><strong>armatis,</strong></span> <span class='ocrx_word' id='word_1_221' title='bbox 1701 2481 1782 2537; x_wconf 90' lang='lat' dir='ltr'><strong>qui</strong></span> 
     </span>
     <span class='ocr_line' id='line_1_35' title="bbox 506 2545 1780 2600; baseline 0.004 -15"><span class='ocrx_word' id='word_1_222' title='bbox 506 2550 640 2586; x_wconf 81' lang='lat' dir='ltr'><strong>erant</strong></span> <span class='ocrx_word' id='word_1_223' title='bbox 668 2545 714 2586; x_wconf 92' lang='lat' dir='ltr'><strong>in</strong></span> <span class='ocrx_word' id='word_1_224' title='bbox 749 2546 963 2600; x_wconf 80' lang='lat' dir='ltr'><strong>praesidio</strong></span> <span class='ocrx_word' id='word_1_225' title='bbox 994 2545 1197 2589; x_wconf 69' lang='lat' dir='ltr'><strong>civitatis</strong></span> <span class='ocrx_word' id='word_1_226' title='bbox 1228 2546 1445 2598; x_wconf 76' lang='lat' dir='ltr'><strong>Can-leoli,</strong></span> <span class='ocrx_word' id='word_1_227' title='bbox 1479 2546 1682 2590; x_wconf 80' lang='lat' dir='ltr'><strong>Scotiam</strong></span> <span class='ocrx_word' id='word_1_228' title='bbox 1713 2546 1780 2590; x_wconf 86' lang='lat' dir='ltr'><strong>in-</strong></span> 
     </span>
     <span class='ocr_line' id='line_1_36' title="bbox 506 2609 1784 2669; baseline 0.004 -16"><span class='ocrx_word' id='word_1_229' title='bbox 506 2623 710 2669; x_wconf 58' lang='lat' dir='ltr'><strong>gnesgns,</strong></span> <span class='ocrx_word' id='word_1_230' title='bbox 735 2612 885 2655; x_wconf 80' lang='lat' dir='ltr'><strong>caedes</strong></span> <span class='ocrx_word' id='word_1_231' title='bbox 911 2618 959 2655; x_wconf 89' lang='lat' dir='ltr'><strong>et</strong></span> <span class='ocrx_word' id='word_1_232' title='bbox 989 2613 1199 2656; x_wconf 84' lang='lat' dir='ltr'><strong>incendia</strong></span> <span class='ocrx_word' id='word_1_233' title='bbox 1227 2613 1452 2665; x_wconf 83' lang='lat' dir='ltr'><strong>exercuit,</strong></span> <span class='ocrx_word' id='word_1_234' title='bbox 1481 2619 1531 2657; x_wconf 89' lang='lat' dir='ltr'><strong>et</strong></span> <span class='ocrx_word' id='word_1_235' title='bbox 1551 2609 1784 2658; x_wconf 73' lang='lat' dir='ltr'><strong>*abducta</strong></span> 
     </span>
    </p>
   </div>
   <div class='ocr_carea' id='block_1_5' title="bbox 552 2735 1657 2830">
    <p class='ocr_par' dir='ltr' id='par_1_7' title="bbox 552 2735 1657 2830">
     <span class='ocr_line' id='line_1_37' title="bbox 553 2735 1594 2783; baseline 0.003 -12"><span class='ocrx_word' id='word_1_236' title='bbox 553 2735 565 2759; x_wconf 82' lang='lat'>⁸</span> <span class='ocrx_word' id='word_1_237' title='bbox 586 2740 597 2757; x_wconf 80' lang='lat'>⁴</span> <span class='ocrx_word' id='word_1_238' title='bbox 610 2740 664 2771; x_wconf 83' lang='lat' dir='ltr'><strong>bis</strong></span> <span class='ocrx_word' id='word_1_239' title='bbox 678 2737 801 2778; x_wconf 68' lang='lat' dir='ltr'><strong>nunog’</strong></span> <span class='ocrx_word' id='word_1_240' title='bbox 818 2739 908 2774; x_wconf 66' lang='lat'><em>12⁹1.</em></span> <span class='ocrx_word' id='word_1_241' title='bbox 1206 2739 1222 2761; x_wconf 83' lang='lat'>⁸</span> <span class='ocrx_word' id='word_1_242' title='bbox 1243 2742 1253 2759; x_wconf 88' lang='lat'>‘</span> <span class='ocrx_word' id='word_1_243' title='bbox 1267 2741 1420 2783; x_wconf 76' lang='lat' dir='ltr'><strong>proprior</strong></span> <span class='ocrx_word' id='word_1_244' title='bbox 1433 2737 1461 2780; x_wconf 68' lang='grc' dir='ltr'><strong>ς’</strong></span> <span class='ocrx_word' id='word_1_245' title='bbox 1483 2740 1594 2775; x_wconf 67' lang='lat' dir='ltr'><strong>MSS.</strong></span> 
     </span>
     <span class='ocr_line' id='line_1_38' title="bbox 552 2782 1657 2830; baseline 0.005 -13"><span class='ocrx_word' id='word_1_246' title='bbox 552 2782 566 2803; x_wconf 69' lang='lat'><strong>³</strong></span> <span class='ocrx_word' id='word_1_247' title='bbox 587 2784 850 2827; x_wconf 64' lang='lat' dir='ltr'><strong>‘temporibun’</strong></span> <span class='ocrx_word' id='word_1_248' title='bbox 875 2787 983 2820; x_wconf 72' lang='lat' dir='ltr'><strong>MSS.</strong></span> <span class='ocrx_word' id='word_1_249' title='bbox 1207 2786 1220 2805; x_wconf 80' lang='lat'><strong>⁴</strong></span> <span class='ocrx_word' id='word_1_250' title='bbox 1242 2790 1252 2807; x_wconf 82' lang='lat'>⁸</span> <span class='ocrx_word' id='word_1_251' title='bbox 1265 2787 1415 2821; x_wconf 70' lang='lat' dir='ltr'><strong>adducta</strong></span> <span class='ocrx_word' id='word_1_252' title='bbox 1425 2785 1459 2830; x_wconf 70' lang='grc' dir='ltr'><strong>ς’</strong></span> <span class='ocrx_word' id='word_1_253' title='bbox 1475 2787 1527 2822; x_wconf 72' lang='grc' dir='ltr'><strong>Π.</strong></span> <span class='ocrx_word' id='word_1_254' title='bbox 1542 2789 1578 2821; x_wconf 65' lang='grc' dir='ltr'><strong>σθ</strong></span> <span class='ocrx_word' id='word_1_255' title='bbox 1592 2786 1657 2822; x_wconf 70' lang='lat' dir='ltr'><strong>Ar.</strong></span> 
     </span>
    </p>
   </div>
  </div>
 </body>
</html>
