1930 3172
249 670 347 697 ulna

245 707 354 731 παπ.

462 206 521 249 42
948 218 1047 251 mc.
1067 217 1262 251 τιινιιτι

463 327 573 365 runt
602 322 699 366 fieri
731 322 901 379 pluviae
928 323 1144 377 insolitas,
1171 336 1277 380 qum
1312 324 1623 380 impediebant
1642 324 1736 371 ool-

462 387 706 433 lectionem
759 391 991 443 messium,
1040 397 1089 434 et
1134 392 1470 447 subsequenter
1509 391 1736 436 ”minum

461 456 763 511 sparsionem,
814 470 1010 513 quarum
1059 458 1452 510 inundationibus,
1500 459 1613 515 quin
1651 458 1734 503 din

461 521 706 575 durabant,
740 524 899 567 multae
941 531 1092 567 turres
1125 530 1173 568 et
1208 525 1414 568 ecclesiae
1447 532 1497 569 et
1528 525 1736 583 antiqno

464 590 670 633 materiae
688 590 734 633 iu
756 590 801 634 N
804 591 1044 634 ormannia
1064 597 1113 635 et
1130 591 1305 647 Anglia
1324 598 1611 636 corrnerunt.

534 655 806 700 Fredericus
850 658 1101 713 imperator
1146 658 1284 702 duxit
1329 658 1469 703 filiam
1513 657 1735 704 willelmi

464 721 839 775 Matisconensis,
873 725 1107 780 accipiens
1139 738 1244 767 cum
1275 737 1334 768 ea
1365 725 1525 769 urbem
1559 725 1736 770 Venen-

463 789 651 840 fionem,
674 796 721 832 et
746 789 916 832 multas
946 790 1064 833 alias
1093 790 1324 835 civitates.
1392 791 1630 843 Comus,
1658 803 1739 837 σο-

463 867 560 897 mes
608 855 976 907 Richemundiae,
1025 857 1084 900 de
1127 855 1302 912 Anglia
1351 857 1400 900 in
1449 858 1737 903 Britanuhm

464 922 671 973 veniens,
705 923 830 979 cepit
859 923 1016 966 urbem
1046 923 1386 976 Redonensem,
1411 924 1611 981 expulso
1642 924 1738 969 Bu-

461 987 580 1031 done
617 989 697 1044 qui
729 985 944 1033 ¹viti-icus
980 1003 1095 1033 suus
1127 996 1245 1042 erat,
1282 1003 1421 1047 quem
1462 1003 1555 1035 non
1590 990 1742 1036 multo

462 1061 569 1110 post
593 1062 693 1098 tota
714 1056 809 1099 sere
834 1056 1079 1100 Britannia
1099 1058 1145 1100 in
1175 1070 1310 1101 suum
1339 1058 1503 1101 ducem
1531 1057 1736 1104 admisit.

462 1121 591 1165 Obiit
614 1122 925 1179 Adalulpbus,
946 1124 1194 1179 episcopus
1215 1124 1391 1180 primus
1411 1124 1626 1169 Carleoli.

531 1448 646 1492 Rax
665 1450 834 1493 Siciliae
851 1451 1116 1495 willelmus
1132 1454 1287 1497 navali
1304 1454 1602 1510 expeditione
1617 1455 1743 1512 oepit

466 1529 548 1571 per
589 1516 854 1560 admiralios
895 1532 1006 1561 suos
1040 1520 1279 1563 civitatem
1315 1516 1567 1573 'Sibillam‚
1602 1522 1741 1566 sitan

466 1583 586 1626 inter
606 1578 847 1627 'Affricam
860 1590 908 1645 et
931 1585 1232 1641 Babylonem.
1303 1587 1389 1630 Est
1406 1593 1563 1631 autem
1580 1587 1743 1632 eadem

464 1649 630 1693 civitas
651 1657 793 1706 caput
813 1652 944 1707 regni
973 1652 1139 1696 insulae
1168 1649 1340 1709 ⁴Gerp,
1369 1654 1417 1696 in
1450 1666 1591 1710 quam
1621 1653 1742 1699 idem

467 1729 550 1759 rex
583 1716 868 1761 habitatores
889 1718 1179 1763 Christianos
1207 1721 1413 1772 immisit,
1445 1727 1493 1764 et
1515 1721 1744 1779 archiepi-

466 1795 657 1838 scopum
709 1783 778 1826 eis
826 1785 1049 1840 praei'ecit.
1124 1786 1331 1831 Sabbato
1383 1787 1504 1830 infra
1550 1793 1746 1833 octavas

470 1848 663 1892 Paschae
716 1850 765 1893 in
816 1850 928 1894 villa
988 1851 1190 1907 quadam
1241 1854 1350 1908 pagi
1396 1849 1742 1907 ‘Aminean-um,

468 1915 548 1971 qui
580 1915 722 1959 estin
761 1916 1067 1970 Normannia,
1099 1925 1264 1963 contra
1293 1919 1528 1964 meridiem
1555 1922 1745 1966 emersit

466 1983 602 2037 quasi
638 1983 774 2026 turbo
802 1984 991 2039 quidam
1026 1985 1084 2028 de
1117 1991 1257 2038 terra,
1291 1999 1489 2043 qumque
1530 1988 1746 2044 proxima

468 2049 653 2104 rapiens
681 2055 730 2093 et
752 2050 1008 2103 involvens,
1037 2052 1097 2095 ad
1127 2053 1339 2096 ultimum
1369 2054 1504 2110 quasi
1530 2054 1744 2110 quoedam

466 2115 682 2158 columna
708 2117 836 2160 rubei
868 2123 917 2160 et
934 2119 1120 2162 coerulei
1147 2120 1316 2163 coloris
1344 2121 1507 2174 stetit3
1537 2122 1627 2165 snb
1645 2126 1745 2166 tur-

470 2182 574 2225 bine
596 2196 706 2226 vero
729 2183 1006 2228 aseendente
1029 2186 1075 2228 in
1093 2186 1290 2230 sublime
1308 2187 1450 2230 etiam
1472 2187 1749 2232 videbantur

467 2249 865 2306 audiebanturque
898 2252 1034 2307 quasi
1060 2252 1235 2297 lanceae
1264 2259 1313 2296 et
1342 2254 1530 2309 sagittoe
1558 2254 1607 2298 in
1640 2255 1747 2312 ipsa

466 2315 683 2359 columna
722 2317 910 2372 configi,
942 2320 1155 2373 quamvis
1187 2321 1294 2375 quis
1323 2321 1529 2375 agitaret
1555 2333 1637 2365 eas
1662 2321 1750 2366 mi-

469 2381 591 2423 nime
632 2389 894 2437 appareret.
969 2384 1024 2427 ln
1071 2386 1254 2429 turbine
1295 2399 1423 2438 vero,
1465 2387 1547 2443 qui
1592 2389 1751 2433 stabat

466 2460 606 2503 super
624 2448 881 2500 columnas,
905 2451 1041 2505 quasi
1062 2451 1261 2495 diversae
1288 2453 1467 2508 species
1492 2453 1748 2508 voluerum,

515 2596 525 2618 ¹
547 2600 558 2616 ‘
572 2596 763 2638 nutriuu·;'
783 2600 874 2634 D’A.
1122 2602 1192 2635 rom
1214 2603 1259 2636 ad
1291 2613 1429 2637 aunum.
1484 2605 1495 2623 ‘
1512 2603 1748 2647 Babylonem:

512 2643 526 2665 ²
546 2646 728 2678 ‘siben-m
742 2643 761 2685 ς’
779 2647 830 2680 Μ.
845 2650 877 2680 et
895 2648 957 2681 Ar.
1122 2650 1255 2691 namely
1272 2651 1374 2683 (him
1390 2651 1424 2683 iu
1442 2650 1580 2693 133pr
1595 2647 1686 2685 ΠΛ.

513 2691 526 2710 ⁸
546 2692 619 2724 The
641 2693 708 2734 city
726 2695 858 2735 namely
883 2694 996 2728 which
1021 2695 1085 2728 no·
1168 2695 1180 2716 ⁴
1203 2700 1213 2715 ⁰
1227 2694 1354 2739 (ii-eps
1374 2698 1423 2731 Μ.
1438 2702 1471 2730 et
1490 2697 1552 2731 Δι’.

466 2738 617 2771 bertbnd
634 2739 736 2772 taken
753 2741 786 2773 iu
806 2743 901 2775 ΗΝ.
950 2742 1014 2774 See
1028 2743 1085 2775 be-
1170 2742 1182 2760 ²
1204 2746 1214 2762 ‘
1232 2745 1456 2777 Abrincatum
1467 2740 1486 2784 ς’
1504 2744 1568 2778 Ar.
