1930 3172
243 346 306 374 n·
317 348 410 381 μομί

244 388 358 407 mnan·

244 415 355 445 minut

246 448 285 474 m
290 448 387 475 11ιωί

243 481 327 507 einim
341 485 370 507 ιο

242 516 307 541 Sco«
312 515 388 543 had,

461 222 551 267 380
937 235 1031 268 mo.
1062 234 1260 268 τιυνιτι

465 354 556 384 non
579 341 706 386 venit
728 354 785 384 ex
810 341 983 394 debito,
1015 341 1095 385 sed
1119 355 1179 385 ex
1207 341 1361 397 gratia
1381 340 1586 397 speciali.
1656 338 1739 384 In-

462 420 618 463 super,
648 422 732 464 pro
759 410 893 452 terris
919 409 977 452 de
1010 409 1206 452 Tindale
1234 415 1281 452 et
1304 408 1493 452 Peurith
1518 408 1567 451 in
1590 419 1735 462 reguo

463 473 649 530 Angliae
679 476 860 531 positis,
891 488 995 519 cum
1028 488 1109 518 rex
1145 476 1314 518 Scotiae
1349 475 1408 518 ad
1443 474 1736 531 praesentiam

463 542 586 595 regis
624 541 809 596 Angliae
843 555 895 584 se
927 542 1230 598 personaliter
1258 542 1550 593 contulisset,
1586 539 1734 584 eidem

463 607 729 652 fidelitatem
762 609 1052 663 impensurus
1083 622 1167 664 pro
1197 609 1355 651 iisdem
1388 609 1524 651 terris
1554 612 1735 651 tantum

463 675 509 717 in
551 674 726 727 Anglia
765 675 885 725 sitis,
933 688 1025 717 nou
1072 681 1125 718 ut
1162 688 1244 718 rex
1290 675 1479 726 Scotiae,
1524 686 1609 718 uec
1651 686 1738 730 pro

464 754 607 794 regno
627 740 811 791 Scotiae,
839 740 1107 783 fidelitatem
1132 741 1323 783 eandem
1346 740 1557 784 exhibuit
1577 753 1591 794 ς
1624 740 1737 797 quia

464 806 615 861 palam
638 819 790 849 coram
814 807 986 863 populo
1010 812 1316 862 protestatum
1343 814 1460 859 erat,
1493 805 1618 863 quod
1651 819 1738 863 pro

463 886 607 927 regno
644 873 813 916 Scotiae
855 873 1123 917 fidelitatem
1166 874 1369 929 aliquam
1413 873 1511 928 regi
1547 871 1736 928 Anglio

465 939 613 982 facere
648 953 739 982 non
768 939 980 983 debebat.
1053 939 1189 991 Item,
1222 939 1345 996 quod
1374 939 1624 996 praedictus
1652 951 1737 983 rex

466 1006 733 1049 Alexander
783 1006 968 1062 reliquit
1023 1006 1223 1062 puellam
1270 1006 1501 1059 heredem,
1551 1006 1739 1049 nomino

466 1072 800 1128 Margaretam,
846 1079 1030 1129 neptem
1086 1073 1209 1128 regis
1252 1072 1458 1128 AngHae,
1502 1078 1614 1116 tunc
1655 1072 1742 1117 mi-

465 1140 590 1182 noris
619 1133 799 1183 anatis:
832 1140 965 1196 cujus
995 1140 1207 1183 custodia
1238 1153 1328 1182 non
1363 1140 1421 1183 ad
1450 1152 1605 1195 regem
1635 1137 1738 1183 An·

465 1206 589 1261 gliae,
629 1206 755 1250 velut
795 1206 854 1248 ad
894 1207 1129 1249 dominum
1168 1220 1450 1262 supremum,
1496 1205 1737 1262 pervenit3

465 1273 545 1315 sed
582 1272 639 1316 ad
682 1269 852 1316 ¹certos
886 1273 1090 1329 ejusdem
1134 1274 1264 1328 regni
1299 1273 1467 1317 Scotioe
1509 1285 1740 1328 proceres,

466 1339 523 1382 ad
550 1339 636 1382 hoc
665 1339 852 1382 electos
924 1340 1186 1395 Redarguit
1213 1340 1353 1383 etiam
1380 1339 1593 1383 dominus
1615 1351 1741 1395 papa

469 1419 640 1460 regem,
677 1419 734 1448 eo
765 1405 905 1461 quod,
950 1411 1054 1461 post
1099 1412 1293 1449 mortem
1336 1406 1449 1449 dicti
1482 1404 1740 1449 Alexandri

468 1472 607 1526 regis,
643 1472 807 1515 Scotos
843 1477 1062 1528 tanquam
1106 1472 1354 1527 acephalos
1393 1478 1441 1516 et
1478 1471 1611 1515 ducis
1645 1471 1744 1515 suf-

468 1539 664 1593 fragium
702 1552 794 1581 non
833 1538 1071 1590 habentes,
1105 1540 1231 1595 ipsos
1268 1552 1351 1595 per
1386 1539 1478 1582 vim
1506 1538 1596 1582 sibi
1631 1539 1742 1582 sub·

460 1606 650 1662 jugavit
688 1611 735 1648 et
783 1611 972 1657 metum,
1023 1606 1071 1648 in
1117 1605 1437 1662 praejudicium
1479 1611 1527 1649 et
1571 1617 1742 1661 grava·

468 1685 571 1715 men
612 1685 704 1715 non
747 1672 976 1715 modicum
1024 1672 1251 1715 Romanae
1297 1672 1517 1715 ecclesiae.
1609 1670 1742 1729 Adji-

467 1740 610 1790 ciens,
653 1739 775 1794 quod
819 1751 923 1782 cum
970 1739 1180 1782 dominus
1220 1752 1342 1795 papa
1381 1738 1581 1782 officium
1615 1737 1746 1794 lega-

470 1806 611 1848 tionis
653 1805 794 1848 alicni
836 1806 1085 1848 committit
1122 1805 1466 1861 exsequendum
1509 1805 1557 1848 in
1596 1817 1743 1861 regno

471 1871 675 1926 Angliae,
705 1884 848 1914 causa
882 1871 1128 1914 solutionis
1157 1872 1362 1923 decimae,
1385 1871 1457 1914 vel
1487 1871 1628 1915 etiam
1656 1884 1744 1927 pro

470 1938 638 1993 quavis
675 1937 767 1980 alia
804 1950 947 1980 causa
983 1938 1262 1989 rationabili,
1295 1943 1343 1981 et
1382 1937 1646 1994 hujusmodi
1675 1938 1740 1981 le·

471 2005 602 2059 gatio
632 2004 797 2047 litteris
825 2010 872 2046 et
897 2004 1141 2059 privilegio
1167 2004 1357 2060 speciali
1387 2004 1526 2047 dictae
1554 2009 1745 2060 aposto-

474 2071 574 2113 licae
607 2070 729 2113 sedis
755 2070 814 2113 ad
845 2070 1018 2113 dictum
1043 2083 1236 2125 regnum
1261 2070 1431 2114 Scotiae
1460 2083 1512 2113 se
1541 2083 1633 2114 non
1662 2083 1743 2114 ox-

474 2138 638 2187 tendit,
668 2137 970 2180 resistendum
1007 2142 1079 2180 est
1107 2144 1154 2180 et
1180 2137 1459 2180 obstandum
1483 2136 1746 2192 hujusmodi

475 2204 729 2258 legationi3
781 2210 921 2259 prout
968 2209 1175 2259 tempore
1224 2203 1369 2247 felicis
1416 2202 1747 2247 recordationis

476 2270 669 2313 Adriani
705 2270 902 2325 contigit
932 2270 1183 2313 evidenter.
1254 2270 1378 2313 Nam
1423 2270 1607 2325 legatus
1645 2270 1747 2326 ipse

475 2337 532 2379 ad
577 2337 823 2392 praesatum
866 2350 1058 2391 regnum
1115 2337 1286 2379 Scotiae
1326 2337 1620 2391 aliquatenus
1661 2335 1744 2380 ad·-

475 2404 644 2445 missus
678 2417 769 2445 non
805 2403 1004 2455 exstitit,
1040 2403 1187 2446 donec
1225 2416 1307 2458 per
1340 2403 1521 2446 litteras
1558 2408 1748 2459 aposto-

475 2470 589 2512 licas
629 2470 856 2524 speciales
900 2470 988 2512 sibi
1030 2469 1279 2524 legationis
1321 2468 1520 2512 officium
1552 2469 1653 2513 fuit
1696 2470 1744 2513 in

474 2536 634 2579 eodem
664 2537 975 2579 commissum.
1049 2536 1224 2579 Iterum
1247 2535 1442 2587 addidit,
1468 2535 1592 2591 quod
1625 2534 1747 2579 idom

476 2616 665 2657 regnum
703 2617 784 2658 per
820 2604 941 2645 beati
971 2602 1099 2645 Petri
1133 2603 1333 2658 apostoli
1364 2601 1650 2645 venerandas
1677 2615 1748 2646 re-

525 2752 534 2772 ¹
557 2754 641 2786 ‘nnio
657 2754 750 2787 word
766 2755 796 2787 is
812 2754 896 2787 from
914 2754 963 2786 M.
979 2753 1046 2786 and
1062 2753 1125 2786 Ar.
1142 2755 1228 2786 22⁰:
1254 2753 1336 2785 Coa.
1357 2752 1443 2793 ὡς.
1458 2751 1521 2784 liu
1534 2746 1712 2784 ‘oenum'
