1930 3172
220 1341 260 1367 Bt.
274 1338 413 1367 mutale

437 208 522 253 172
929 221 1025 253 mc.
1046 221 1243 254 ‘rmvn-ri

434 325 643 369 Joannes
675 340 755 369 rex
789 325 1047 381 Anglorum
1078 326 1362 378 Alionoram,
1391 322 1596 371 sororem
1623 326 1716 373 Ar·

437 392 578 444 thuri,
625 394 672 436 in
718 393 939 447 Angliam
988 394 1254 446 transtulit3
1308 407 1430 450 quae,
1470 394 1516 437 in
1560 400 1717 439 castro

438 459 646 503 Bristolli
691 460 937 504 honorilice
978 460 1203 512 exhibita,
1244 460 1411 503 ibidem
1457 461 1715 506 consenuit.

440 526 597 569 Mater
643 527 746 583 eJus
792 526 1084 579 Constantia,
1126 527 1256 571 heres
1301 527 1572 580 Britannia,
1608 533 1715 584 poet

436 599 629 636 mortem
679 594 765 636 viri
817 594 889 636 sui
941 593 1158 646 Galsridi,
1202 593 1404 637 Guidoni
1455 595 1613 651 nupsit
1657 593 1717 639 de

437 656 659 711 ¹'l'oraco‚
701 660 782 715 qui
826 660 884 702 de
924 673 981 702 ea
1025 661 1206 703 unicam
1250 660 1389 704 filiam
1438 661 1714 716 generavitz

434 739 573 781 quam
599 732 762 781 postea
784 726 921 769 duxit
945 726 1128 779 Petrus,
1156 727 1278 770 filius
1307 727 1501 772 Roberti
1533 726 1716 772 comitis

435 790 768 843 ²Drocharum,
809 800 1116 847 cognomento
1172 792 1434 845 Mauclerk,
1483 794 1717 851 accipiens

435 872 538 901 cum
564 859 723 901 eadem
750 859 1003 902 Britanniae
1024 860 1311 903 comitatum.

504 925 719 977 Alexim,
745 925 868 968 filius
888 926 1089 970 Cursath
1114 927 1405 982 imperatoris
1428 926 1719 980 Graeoorum,

436 992 643 1035 collectis
665 992 980 1048 stipendiariis
1003 993 1290 1045 Teutonicis,
1313 993 1527 1045 Gallicis,
1548 999 1599 1038 et
1620 993 1718 1039 Vo-

438 1060 573 1109 netis,
607 1066 822 1115 patruum
854 1073 988 1102 suum
1028 1059 1247 1103 Alexium
1281 1061 1341 1103 ab
1368 1061 1560 1117 imperio
1589 1060 1714 1118 quod

437 1126 674 1168 invaserat
709 1126 906 1182 expulit,
939 1126 1390 1182 Constantinopolim
1420 1127 1561 1183 cepit,
1592 1132 1641 1172 et
1667 1127 1717 1172 in

437 1192 760 1248 imperatorem
794 1199 1045 1236 coronatus
1076 1200 1253 1250 patrem
1278 1206 1411 1237 suum
1435 1193 1637 1239 θαι-σιὼ
1658 1193 1718 1239 do

438 1272 623 1303 carcere
645 1260 920 1303 sublevavit.

509 1325 601 1368 His
642 1327 925 1382 temporibus
961 1327 1008 1370 in
1048 1327 1280 1383 Hispania
1313 1329 1482 1372 claruit
1510 1328 1583 1372 vir
1618 1328 1714 1372 Dm

442 1393 732 1443 Dominicus,
750 1394 1000 1437 sanctitate
1024 1401 1070 1437 et
1092 1394 1314 1450 religione
1338 1395 1547 1450 insignis,
1562 1395 1643 1452 qui
1667 1395 1715 1439 in

441 1459 554 1503 villa
574 1473 680 1515 quae
703 1455 956 1515 ³Calaroga
981 1461 1150 1503 dicitur
1178 1475 1238 1504 ex
1266 1462 1354 1517 piis
1385 1467 1522 1505 natus
1552 1474 1719 1519 pareu-

443 1527 583 1578 tibus,
608 1533 655 1570 et
685 1527 899 1581 religiose
935 1528 1153 1579 nutritus,
1189 1530 1332 1584 coepit
1367 1541 1470 1572 esso
1506 1541 1620 1585 puer
1650 1529 1719 1573 in·

440 1594 674 1648 geniosus,
706 1599 873 1649 utpote
898 1595 977 1649 qui
1008 1595 1201 1638 sortitus
1224 1602 1296 1639 est
1316 1596 1516 1639 animam
1537 1595 1719 1640 bonam.

444 1660 567 1703 Dum
612 1667 768 1703 autem
812 1659 965 1704 adhuc
1004 1662 1224 1717 puerulus
1270 1668 1409 1714 esset,
1453 1661 1657 1707 nondum
1691 1675 1723 1707 a

443 1727 635 1770 nutricis
687 1727 929 1781 diligentia
980 1735 1241 1784 separatus,
1285 1728 1600 1784 deprehensus
1649 1734 1723 1775 est

440 1806 565 1848 saepe
587 1793 806 1836 lectulum
830 1794 1074 1844 dimittere,
1106 1800 1154 1838 et
1175 1808 1316 1851 super
1349 1795 1516 1839 nudam
1549 1803 1719 1841 terram

440 1860 726 1911 accumbere,
749 1861 882 1915 quasi
904 1860 1004 1916 jam
1034 1861 1188 1904 carnis
1219 1861 1410 1905 delicias
1436 1861 1718 1906 abhorreret.

442 1926 590 1982 Cujus
633 1926 799 1969 suturoe
842 1926 1064 1971 doctrinae
1107 1928 1312 1979 claritas,
1354 1940 1448 1984 qua
1490 1928 1722 1973 illumina-

443 2000 575 2036 turus
598 1999 698 2035 erat
716 2006 797 2036 eos
817 1994 896 2049 qui
922 1994 968 2036 in
1001 1994 1201 2038 tenebris
1230 2002 1279 2038 et
1302 1995 1348 2038 in
1370 1996 1534 2039 umbra
1556 1996 1719 2040 mortis

440 2059 619 2111 sedent,
643 2059 961 2116 hujuscemodi
983 2061 1159 2104 visione
1183 2062 1321 2104 matri
1343 2074 1443 2105 suae
1470 2061 1719 2118 spirituali.

440 2140 545 2182 quae
570 2127 721 2182 ipsum
745 2126 802 2169 de
826 2126 953 2170 sonte
973 2140 1108 2171 sacro
1132 2127 1384 2179 levaverat,
1406 2134 1479 2172 est
1496 2127 1720 2174 divinitu·

441 2200 762 2249 praeostensa;
818 2193 934 2236 vidit
977 2194 1097 2236 enim
1150 2190 1367 2250 ⁴puerum
1412 2195 1721 2249 Dominicum.

439 2260 621 2305 stellam
652 2259 893 2302 habentem
934 2260 980 2302 in
1014 2260 1182 2312 fronte,
1222 2274 1328 2317 quoe
1365 2268 1537 2306 terram
1572 2268 1720 2307 totam

440 2340 526 2369 suo
550 2326 722 2369 lumine
741 2326 1064 2381 perlustrabat.
1126 2326 1388 2371 Puerilibus
1406 2332 1562 2372 autem
1585 2329 1722 2374 anni·

440 2394 709 2436 innocenter
744 2393 971 2444 excursis,
1010 2406 1114 2436 cum
1163 2395 1342 2438 missus
1369 2401 1494 2439 esset
1531 2391 1722 2440 ‘Palou-

490 2519 498 2539 ¹
521 2523 532 2540 ⁸
545 2521 698 2555 Tomho
711 2522 733 2560 ς’
749 2522 801 2555 Μ.
815 2525 848 2554 et
860 2521 924 2555 Ar.
1102 2522 1169 2555 and
1192 2522 1325 2555 Ecbani
1340 2534 1350 2563 ς
1375 2524 1499 2566 Script.
1514 2522 1603 2559 ord.
1618 2523 1724 2560 ΡΜ.

487 2566 502 2587 ²
521 2569 532 2587 ⁸
546 2568 735 2602 nmo-run
749 2565 768 2609 ς’
799 2566 917 2601 D’A.:
952 2569 963 2587 ‘
980 2568 1066 2601 Dor·
1103 2569 1127 2602 i.
1143 2572 1175 2610 ⁸,
1191 2574 1268 2602 note
1286 2578 1317 2602 n.

439 2625 556 2649 carum
568 2612 588 2654 ς’
604 2616 668 2648 Ar.
1148 2615 1162 2636 ⁴
1184 2618 1195 2633 ⁴
1208 2626 1348 2657 parvum
1362 2612 1382 2656 ς’
1400 2616 1481 2650 cod.
1499 2616 1587 2659 Rq·

490 2660 505 2682 ⁸
525 2664 536 2681 ⁴
553 2658 752 2703 Kartha?
773 2661 1086 2711 Ced.Re3.:‘Ke·j
1150 2661 1163 2680 ⁸
1184 2660 1441 2703 ‘Pallanti-mi
1465 2662 1663 2705 fflstaea
1687 2663 1724 2696 in

443 2706 598 2749 brug-3·
640 2709 691 2742 Μ.
717 2712 749 2741 et
782 2708 844 2742 Ar.
905 2708 1724 2749 Promdyathediooeseorosmznovvm

439 2758 450 2774 ⁴
465 2753 682 2797 caetum-,⁵
697 2755 881 2796 woording
896 2758 931 2787 to
950 2747 1086 2795 Queat!
1101 2754 1208 2796 unm:
1223 2766 1263 2789 u
1278 2756 1340 2789 lus
1362 2757 1446 2790 ben
1460 2755 1657 2798 toppo-dg
1682 2765 1723 2790 ιι
