1930 3172
244 343 405 378 laub-up—

242 381 342 410 μαιιι
331 352 405 405 nul>

242 418 352 474 122⁰·
349 412 418 472 τι

242 478 342 505 ruber

241 1005 337 1038 nourr
351 1006 375 1032 le

466 209 525 252 78
943 223 1038 256 κιο.
1070 222 1270 255 ‘rmvm

535 325 796 370 Isodovicus
827 339 908 370 rex
944 326 1243 378 Francorum,
1272 326 1542 371 convocatis
1563 326 1743 372 baroni·

465 393 551 436 bus
599 394 728 448 regni
774 394 863 445 sui,
914 394 1098 449 rogavit
1152 407 1249 446 eos,
1294 399 1345 437 ut
1392 393 1597 438 ilenrico
1643 394 1743 451 regi

456 459 633 516 juniori
660 466 816 504 essent
835 460 882 503 in
914 460 1140 504 auxilium
1167 466 1331 504 contra
1360 466 1554 517 patrem.
1622 459 1742 504 Tres

462 526 608 581 igitur
624 527 833 579 comites,
857 526 1169 579 Flandrensis,
1178 527 1495 580 Carnotensis,
1507 522 1742 572 efficiare-

462 594 731 646 montensis,
776 594 1055 651 Juraverunt
1100 607 1152 637 se
1202 594 1581 639 transfretaturos
1633 606 1739 639 cun

462 672 572 714 rege
596 660 799 716 juniore,
826 666 875 704 et
893 661 1039 704 eidem
1061 674 1251 716 regnum
1272 660 1459 716 Anglioe
1475 674 1533 705 ex
1556 661 1739 717 integro

460 727 751 770 subacturos.
835 726 930 770 Alii
965 741 1075 770 vero
1111 727 1406 784 juraverunt,
1461 727 1586 785 quod
1632 740 1736 772 cum

460 793 667 836 exercitu
699 807 781 849 per
812 792 1148 837 Nol-manniam
1179 800 1440 849 pergerent,
1466 800 1516 839 et
1542 793 1739 839 cautella

460 860 813 914 pessundarent,
835 856 1104 916 'urbemque
1136 859 1481 915 Rotbomagum
1498 859 1737 906 obsidione

460 925 715 981 cingerent,
747 926 871 982 quod
903 926 1064 983 utique
1091 926 1200 970 licet
1231 927 1594 982 aggrederentur
1622 926 1735 971 nihil

461 994 646 1048 penitus
670 993 975 1050 profecerunt.
1049 993 1155 1037 Rex
1180 994 1302 1037 euim
1326 994 1563 1038 Heuricus
1584 993 1738 1038 senior

458 1060 652 1103 castella
683 1073 786 1112 sua,
820 1074 926 1116 quae
960 1067 1094 1103 erant
1130 1061 1177 1103 in
1212 1060 1380 1104 finibus
1419 1060 1736 1114 Normanniae,

458 1127 616 1178 armis,
647 1127 885 1178 militibus,
905 1132 953 1171 et
974 1127 1252 1171 victualibus
1280 1128 1454 1184 optime
1481 1127 1737 1172 commuui-

457 1192 540 1236 vit.
614 1193 832 1237 Removit
858 1194 998 1237 etiam
1035 1194 1259 1250 quosdam
1297 1194 1592 1238 castellorum
1630 1207 1736 1238 cus-

458 1259 607 1311 todes,
638 1274 755 1317 quos
783 1260 982 1303 babebat
1010 1267 1270 1317 suspectos,
1302 1260 1458 1304 fideles
1486 1261 1546 1305 de
1565 1261 1734 1317 quibus

456 1326 718 1371 confidebat
739 1328 1041 1371 substituens.
1114 1327 1292 1371 Multos
1311 1328 1450 1371 etiam
1474 1326 1533 1371 de
1552 1327 1736 1372 baroni-

457 1392 543 1435 bus
586 1394 794 1438 Franciae
826 1390 1083 1437 'oberratos
1119 1394 1335 1447 babebat,
1368 1399 1416 1438 et
1446 1394 1535 1438 sibi
1570 1394 1732 1438 famili-

456 1471 560 1503 ares
598 1461 768 1504 fecerat
809 1461 1041 1517 obsequiis
1082 1467 1224 1517 atque
1266 1461 1416 1504 donis.
1486 1459 1733 1506 Allocutus

456 1532 529 1569 est
566 1527 706 1570 etiam
752 1528 946 1571 barones
992 1526 1309 1579 Normanniae,
1355 1533 1403 1571 et
1449 1523 1735 1573 obmr'ando

455 1592 668 1637 hortatus
699 1600 785 1646 est,
817 1600 869 1651 ut
888 1594 1083 1637 viriliter
1101 1607 1156 1637 ac
1181 1593 1376 1637 fideliter
1404 1599 1613 1650 agerent,
1635 1607 1733 1640 me·

453 1673 696 1717 moresque
739 1666 910 1713 essent,
953 1660 1183 1717 quomodo
1224 1666 1380 1717 patres
1415 1674 1574 1705 eorum
1614 1661 1733 1706 mul·

454 1728 626 1770 totiens
680 1728 884 1771 Francos
928 1727 1040 1771 fines
1089 1740 1247 1771 eorum
1295 1728 1583 1782 invadentes,
1625 1741 1730 1773 cum

452 1806 610 1836 eorum
635 1794 926 1846 verecundia,
949 1793 1128 1837 fortiter
1148 1790 1468 1850 ⁴expulissent.

523 1860 719 1912 Deinde,
750 1861 910 1916 paucis
942 1866 1023 1903 aut
1058 1859 1196 1903 nullis
1234 1859 1292 1903 de
1330 1861 1579 1905 baronibus
1611 1860 1730 1905 Nor-

454 1927 651 1970 manniae
687 1927 954 1982 assumptis,
991 1940 1094 1969 cum
1132 1927 1511 1970 Brabanzonibus
1549 1928 1598 1971 in
1633 1928 1731 1972 An·

382 1978 402 1999 “
454 1993 595 2049 gliam
617 1994 936 2042 transfretans»,
959 2007 1062 2036 cum
1097 1994 1299 2036 maxima
1325 1993 1585 2038 humilitate
1608 2000 1729 2038 tum-

454 2060 558 2103 bam
596 2061 717 2103 beati
753 2060 946 2103 Thomoe
988 2060 1204 2115 martyris
1244 2060 1480 2104 visitavit:
1526 2065 1580 2104 ut
1607 2062 1728 2105 enim

454 2127 832 2170 Cantuariensem
858 2127 972 2170 vidit
993 2127 1251 2178 ecclesiam,
1275 2140 1396 2183 equo
1419 2126 1650 2181 desiliens,
1680 2129 1729 2172 in

454 2198 581 2236 veste
617 2194 768 2246 lanea,
800 2193 936 2236 nudis
973 2193 1166 2249 pedibus
1199 2193 1463 2249 peditando,
1491 2206 1640 2250 usque
1667 2193 1728 2239 ad

452 2260 596 2312 illam,
634 2274 716 2316 per
755 2260 948 2317 paludes
981 2266 1029 2303 et
1066 2272 1182 2303 saxa
1217 2265 1372 2312 acuta,
1411 2273 1516 2303 cum
1546 2273 1729 2306 summa

450 2327 696 2371 devotione
719 2327 938 2383 perrexit.
1000 2326 1075 2371 Ad
1099 2326 1358 2383 sepulcrum
1381 2339 1492 2370 vero
1511 2328 1731 2384 martyris

451 2399 726 2449 prostratus,
747 2394 793 2436 in
816 2393 1024 2437 oratione
1042 2398 1088 2435 et
1113 2393 1159 2436 in
1174 2393 1403 2449 lacrymas
1425 2394 1491 2437 ita
1512 2393 1727 2451 profusus

450 2466 537 2511 est,
569 2466 622 2503 ut
661 2460 900 2518 adstantes
942 2460 1080 2502 etiam
1124 2459 1184 2503 ad
1224 2459 1454 2516 lacrymas
1491 2460 1727 2505 invitaret.

454 2526 590 2570 Feria
626 2532 764 2570 sexta
799 2526 909 2569 illuc
940 2532 1148 2578 venerat,
1182 2531 1230 2569 et
1259 2526 1522 2583 impransus
1556 2526 1725 2571 ibidem

499 2656 862 2698 '‘Clarumonteusie3’
880 2656 972 2692 D'A.
1105 2659 1173 2692 uni·
1199 2660 1242 2700 by
1265 2661 1488 2703 substituunt
1510 2656 1727 2694 ‘ob-nto.)

498 2705 511 2725 ⁸
523 2708 534 2726 ‘
546 2708 757 2748 patriamne
772 2703 974 2745 vastarent?
998 2706 1049 2739 Μ.
1103 2707 1163 2731 —‘
1174 2707 1347 2740 aben-ratos
1359 2703 1382 2747 ;'
1398 2704 1488 2740 ΠΛ.

498 2752 512 2773 ⁸
529 2754 611 2787 nnn
642 2752 895 2793 uuneceeearily
924 2756 1071 2786 eor-recte
1148 2751 1160 2771 ⁴
1179 2754 1189 2771 ‘
1201 2751 1461 2795 expulsiseentg'
1477 2750 1570 2787 0⁰1.
