1930 3172
236 353 298 379 Τὴο

310 354 387 387 υπς’

236 387 317 413 letter
331 392 359 414 ιο
370 389 419 416 th·

235 428 313 454 W.

453 231 514 273 76
936 245 1032 277 mc.
1064 245 1262 279 ‘nive-ri

388 363 402 381 ·
454 347 684 401 babeant;
737 348 916 392 malunt
957 363 1156 406 namque
1196 350 1302 393 filiis
1346 351 1459 394 meis
1496 351 1733 398 mutaret-e

453 420 616 458 contra
654 428 728 458 me
762 416 991 471 transfugi
1030 422 1079 460 et
1114 417 1326 468 mendici,
1362 431 1501 474 quam
1538 432 1732 475 regnare

453 494 648 533 mecum,
706 486 754 525 et
805 483 853 525 in
906 483 1203 540 amplissimis
1255 483 1562 539 dignitatibus
1615 499 1732 543 prn-

452 547 645 604 fulgere.

519 618 534 638 ‘
551 614 783 668 Quoniam
811 611 944 659 ¹vero
966 628 1050 659 vos
1072 616 1246 660 extulit
1280 617 1419 662 Duos
1446 618 1495 662 in
1525 618 1730 663 eminen-

453 681 566 724 tiam
604 680 740 725 officii
775 682 1039 737 pastoralis,
1069 682 1129 726 ad
1163 683 1362 727 dandam
1390 685 1629 730 scientiam
1652 698 1731 730 sa·

453 746 564 790 lutis
598 747 721 803 plebi
761 748 894 804 Ejus,
927 748 1037 792 licet
1073 750 1240 794 absens
1276 763 1485 808 corpore,
1523 764 1731 808 praeen-

454 819 606 856 tamen
641 814 811 867 animo,
843 827 916 857 me
950 815 1119 859 vestris
1156 816 1357 860 advolvo
1391 817 1587 873 genibus
1618 831 1727 863 con·

452 879 605 923 silium
626 879 832 924 salutare
854 879 1123 936 deposcens.
1184 881 1369 926 Vestra
1392 882 1731 939 jurisdictionis

452 952 525 989 est
563 960 754 1002 regnum
796 946 1000 1003 Angliae,
1044 953 1092 991 et
1129 953 1352 1005 quantum
1394 949 1453 992 ad
1500 948 1731 995 scoditarii

446 1012 568 1069 juris
602 1013 948 1068 obligationem,
971 1014 1102 1057 vobis
1136 1015 1367 1059 duntaxat
1400 1016 1631 1061 obnoxius
1664 1022 1733 1061 te-

456 1092 581 1123 neor.
652 1080 933 1136 Experiatur
959 1080 1134 1135 Anglia
1165 1082 1275 1137 quid
1310 1083 1458 1138 prosit
1490 1081 1732 1128 Romanu

453 1146 677 1201 pontifex,
710 1152 758 1190 et
781 1147 892 1202 quia
921 1147 1236 1191 materialibus
1267 1148 1408 1192 armis
1441 1162 1534 1193 non
1563 1150 1727 1204 utitur,

454 1214 780 1268 patrimonium
801 1214 925 1256 beati
950 1213 1077 1256 Petri
1099 1214 1329 1270 spirituali
1350 1215 1507 1271 gladio
1528 1220 1730 1261 tueatur.

455 1278 794 1322 Contumeliam
834 1280 1029 1323 filiorum
1065 1286 1272 1336 poteram
1309 1282 1451 1325 armis
1485 1282 1732 1327 rebellibus

455 1346 742 1401 propulsare,
761 1346 840 1389 sed
862 1352 1038 1402 patrem
1060 1360 1151 1390 non
1173 1360 1360 1403 possum
1378 1360 1564 1393 exuere.
1606 1348 1731 1393 Nam

455 1418 502 1455 et
523 1412 729 1455 Jeremia
760 1418 991 1456 testante:
1029 1418 1043 1437 ‘
1061 1413 1370 1458 Nudaverunt
1399 1415 1551 1459 lamiae
1584 1428 1731 1459 mam·

455 1491 555 1522 mas
589 1492 716 1531 suas,
747 1479 1038 1523 lactaverunt
1074 1480 1254 1523 catulos
1287 1477 1455 1524 suos.’²
1526 1481 1588 1526 Et
1621 1482 1732 1528 licet

456 1551 611 1589 errata
636 1558 794 1588 eorum
815 1546 949 1601 quasi
969 1547 1136 1589 mentis
1161 1546 1363 1590 efferatas
1386 1560 1460 1591 me
1482 1543 1730 1602 ⁸feceruut,

458 1613 636 1655 retineo
656 1618 876 1668 paternos
894 1613 1116 1666 affectus3
1147 1619 1195 1656 et
1207 1613 1438 1669 quandam
1460 1613 1730 1660 violentiam

457 1678 679 1734 diligendi
725 1692 806 1722 eos
853 1680 964 1723 mihi
1004 1680 1208 1723 conditio
1249 1680 1476 1724 naturalis
1514 1681 1727 1738 imponit.

455 1749 467 1768 ‘
490 1745 680 1788 Utinam
714 1752 931 1800 saperent
967 1753 1013 1789 et
1045 1746 1373 1801 intelligerent,
1396 1760 1453 1790 ac
1481 1748 1733 1793 novissima

455 1807 805 1866 providerent.'⁴
850 1812 1050 1855 Lactant
1074 1812 1194 1855 filios
1215 1825 1342 1856 meos
1361 1813 1601 1858 domestici
1621 1814 1730 1859 bon·

457 1883 544 1928 tes,
561 1883 608 1920 et
623 1878 865 1921 occasione
889 1878 1173 1934 malignandi
1193 1878 1352 1922 habita
1375 1893 1467 1923 non
1489 1879 1732 1935 desistent,

455 1957 696 1999 quousque
739 1944 974 2000 redigatur
1013 1945 1162 1988 virtus
1203 1958 1360 1988 eorum
1399 1946 1447 1989 in
1480 1946 1731 2002 pulverem,

455 2015 518 2061 et,
547 2023 772 2053 converso
803 2012 955 2067 capite
988 2012 1035 2054 in
1072 2011 1281 2062 caudam,
1304 2012 1428 2055 servi
1459 2025 1618 2057 eorum
1645 2013 1730 2058 do-

456 2078 688 2120 minentur
728 2077 813 2129 cis,
851 2078 995 2133 juxta
1037 2079 1225 2121 verbum
1269 2078 1381 2121 illud
1433 2078 1731 2125 Salomonis:

456 2147 469 2166 ‘
493 2143 667 2186 Servus
702 2149 886 2187 astutus
927 2144 1022 2187 filio
1056 2144 1368 2188 dominabitur
1398 2143 1729 2201 imprudenti.’⁸

459 2210 645 2253 Excitet
684 2223 796 2265 ergo
831 2210 1121 2265 prudentiam
1154 2217 1353 2254 vestram
1381 2211 1583 2268 Spiritus
1619 2225 1732 2257 con·

456 2277 564 2327 silii,
607 2283 660 2319 ut
698 2277 983 2320 convertatis
1023 2277 1163 2321 corda
1201 2278 1400 2321 filiorum
1437 2278 1497 2322 ad
1534 2283 1731 2335 pau-em.

457 2342 552 2385 Cor
580 2343 699 2385 enim
734 2344 880 2398 patris
915 2357 999 2399 pro
1028 2344 1317 2399 beneplacito
1351 2350 1508 2388 vestro
1538 2358 1732 2390 conver·

457 2415 581 2451 tetur
610 2408 669 2451 ad
700 2408 833 2459 filios,
865 2415 913 2452 et
943 2409 989 2451 in
1025 2410 1114 2453 fide
1145 2410 1295 2462 Illius,
1325 2424 1407 2466 per
1434 2425 1571 2467 quem
1599 2425 1733 2469 reges

458 2482 670 2529 regnant,
707 2481 875 2518 vestrae
909 2476 1214 2530 magnitudini
1252 2478 1488 2532 promitto,
1524 2491 1598 2523 me
1630 2491 1732 2524 vc·-

458 2548 540 2583 trae
583 2541 875 2597 dispositioni
919 2542 967 2584 in
1012 2543 1223 2585 omnibus
1271 2545 1543 2599 pariturum.
1612 2545 1730 2598 Vos,

503 2680 511 2698 ¹
528 2682 537 2699 ‘
551 2691 632 2721 ergo
642 2677 664 2719 ;’
679 2681 729 2714 Μ.
745 2683 776 2713 rt
791 2682 855 2715 Ar.
1158 2682 1171 2701 ⁴
1189 2682 1292 2715 Deut.
1309 2684 1418 2716 xxxii.
1434 2686 1491 2717 2⁹.

502 2725 515 2744 '
532 2727 623 2759 Lam
641 2728 687 2760 iv.
704 2731 736 2760 Ι.
1158 2727 1171 2747 ⁵
1189 2729 1291 2762 l'rov.
1307 2731 1390 2763 xvii.
1406 2732 1439 2763 2.

502 2772 515 2790 ²
528 2775 538 2792 ⁸
551 2773 687 2806 fecerint
700 2772 722 2813 ;'
739 2773 828 2807 D’A.
