1930 3172
424 210 511 253 170
915 222 1012 255 mo.
1036 223 1232 255 ‘raivim

422 326 692 378 servandos,
711 327 1028 384 quosdamque
1049 329 1253 384 acceptis
1270 329 1508 373 obsidibus
1528 330 1706 375 rembit

421 392 480 436 ad
509 394 710 449 propria.
772 393 1027 439 Arthurum
1052 409 1164 439 vero
1196 397 1318 439 misit
1342 396 1700 452 Rotbomagnm.

422 460 510 502 sub
556 461 742 504 arctiori
788 462 1001 506 custodia
1044 462 1360 507 detinendum.
1444 463 1520 507 Ob
1563 462 1703 508 iatam

422 527 659 570 victoriam
685 527 818 571 multi
843 535 1012 584 putant
1032 530 1118 572 sibi
1152 531 1396 573 convenire
1423 530 1538 574 illud
1576 529 1703 575 Mer-

419 592 502 636 lun
520 594 711 645 fatidici,
732 598 745 617 ‘
764 594 932 650 Capite
959 596 1105 639 leonis
1130 597 1458 640 coronabitur.'
1529 596 1592 641 Et
1612 596 1701 642 ite·

422 673 522 702 rum
542 660 672 712 illud,
693 664 707 684 ‘
727 661 934 716 Linguas
958 668 1195 706 taurorum
1223 663 1480 715 abscindet,
1509 668 1559 708 et
1579 663 1703 709 oolla

422 727 702 781 rugientium
725 729 935 771 onerabit
957 730 1163 772 catenis!

205 804 406 831 τικιηιηαιοι
489 792 777 836 Octavianus
814 794 1045 838 Ostiensis
1085 802 1133 838 et
1164 795 1372 839 Joannes
1409 795 1701 841 veletren-in

205 839 229 864 b
242 839 372 864 removed

203 872 403 899 nourr-m.
420 860 624 915 episcopi
663 861 900 904 venientes
940 862 988 904 in
1024 861 1285 914 Franciam‚
1328 861 1548 919 Philippo
1591 875 1703 918 rege

202 1510 277 1536 John
289 1509 312 1535 b
319 1508 403 1543 again

201 1544 339 1570 eroum

207 2511 391 2573 3:323&

208 2581 323 2613 mady.

419 927 478 969 ad
509 940 667 969 eorum
705 928 1002 971 monitionem
1043 928 1374 984 Ingelburgam
1410 929 1619 985 reginam
1650 929 1701 973 in

418 995 618 1048 gratiam
654 994 919 1050 recipiente,
952 995 1277 1051 celebratoque
1315 996 1614 1052 interipsum
1653 1002 1704 1040 et

418 1061 794 1116 superinductam
826 1061 1042 1113 divortio,
1073 1063 1366 1106 interdictum
1404 1063 1453 1107 in
1484 1062 1701 1116 Francia,

419 1127 541 1182 quod
566 1128 763 1171 triennio
781 1127 1048 1181 duraverat,
1072 1129 1355 1173 relaxarunt.

505 1497 732 1541 Jonmsss
769 1511 853 1541 rex
886 1497 1009 1554 apud
1054 1497 1354 1541 cantuariam
1392 1511 1476 1554 per
1514 1509 1700 1541 manum

420 1564 623 1608 Huberti
674 1564 1008 1621 archiepiscopi
1059 1565 1228 1607 iterum
1280 1569 1565 1618 coronatur;
1616 1563 1699 1622 qui

417 1632 577 1675 eodem
601 1644 725 1675 anno
750 1631 1015 1688 Philippum
1050 1631 1380 1675 Belvacensem
1410 1631 1696 1688 episcopum,

419 1712 556 1755 quem
578 1698 809 1741 Ricardus
842 1711 925 1742 rex
956 1698 1241 1754 praeliantem
1266 1703 1469 1754 ceperat,
1491 1710 1522 1741 a
1542 1702 1700 1741 custo-

421 1766 499 1808 dia
517 1765 735 1817 liberans,
760 1765 818 1807 ad
843 1765 1029 1821 propria
1052 1764 1200 1807 redire
1222 1765 1443 1820 permisit.
1523 1763 1704 1821 Philip-

421 1845 509 1888 pus
546 1845 628 1874 rex
669 1832 716 1873 in
755 1831 1158 1875 exheredationem
1196 1831 1320 1885 regis
1361 1830 1549 1886 Angliae
1587 1830 1700 1874 totis

423 1898 598 1941 viribus
616 1898 849 1948 laborans,
872 1897 1175 1954 Aquitaniam
1196 1898 1448 1952 ingressus,
1472 1896 1699 1954 quasdam

422 1966 546 2021 cepit
588 1965 883 2016 munitiones,
927 1963 1123 2007 militum
1176 1963 1521 2007 pictavensium
1573 1958 1701 2007 ¹Bri-

424 2037 675 2087 tonumque
702 2031 875 2074 favore.
949 2030 1079 2073 Inter
1108 2030 1207 2073 hoec
1236 2043 1358 2087 papa
1388 2029 1702 2083 Innocentius,

425 2112 509 2154 pro
537 2111 651 2154 pace
678 2098 799 2141 inter
829 2111 962 2153 reges
993 2096 1300 2149 reformanda,
1330 2097 1546 2141 abbatem
1576 2097 1704 2142 misit

425 2165 482 2208 de
504 2161 820 2216 'Casamarrii,
844 2165 941 2221 qui,
969 2164 1190 2220 adjuncto
1213 2164 1301 2207 sibi
1330 2164 1499 2207 abbate
1520 2162 1702 2208 Trium-

429 2232 665 2283 Fontium,
695 2232 974 2274 auctoritate
999 2230 1257 2286 apostolica
1279 2230 1498 2287 praecepit
1518 2230 1703 2288 utrique

428 2300 541 2354 regi,
563 2305 615 2343 ut
638 2299 906 2342 convocatis
929 2297 1159 2354 episcopis
1182 2302 1230 2340 et
1250 2296 1534 2354 principibus
1555 2297 1703 2354 regni,

426 2366 559 2408 salva
595 2365 832 2420 utriusque
857 2364 1056 2421 Justitia‚
1095 2377 1253 2419 pacem
1284 2363 1515 2418 facerent3
1550 2368 1599 2408 et
1623 2363 1703 2408 ab·

428 2433 578 2475 batias
609 2437 879 2486 ceterasque
911 2430 1147 2482 ecclesias,
1178 2444 1261 2486 per
1286 2444 1445 2474 eorum
1475 2429 1598 2474 bella
1625 2430 1702 2475 de-

425 2505 645 2550 structas,
665 2499 711 2541 in
736 2503 909 2541 statum
936 2496 1140 2540 debitum
1173 2502 1452 2553 repararent.
1525 2495 1704 2554 Philip-

426 2579 512 2621 pus
532 2571 687 2609 autem
711 2578 812 2616 rex,
834 2563 1090 2620 apostolico
1114 2578 1205 2606 non
1224 2564 1439 2608 obstante
1466 2563 1703 2617 mandato,

473 2716 482 2736 ¹
504 2717 515 2734 ⁸
530 2714 782 2756 Britanniaque
794 2710 815 2755 ς’
830 2714 893 2747 Ar.
1083 2712 1141 2793 Μ’
1161 2714 1381 2795 ‘qarmarii
1395 2712 1426 2756 ς’
1465 2714 1544 2750 ΜΛ
1581 2715 1595 2734 ‘
1609 2714 1703 2751 &a

1121 2771 1207 2799 “ss;
1266 2772 1296 2795 Γ.

1925 2148 1930 2169 ..
1923 2051 1930 2070 0
1919 1800 1930 1987 —n-A-*m-
1925 1692 1930 1782 —4-
1922 1658 1930 1678 ’.Α
1922 1540 1930 1608 .—;—
