1930 3172
496 221 526 262 2
965 230 1063 263 mc.
1099 228 1296 262 ‘ran-nri

499 342 650 379 torum
688 336 822 391 copia
851 334 1144 390 scriptorum,
1174 334 1255 389 qui
1291 331 1642 375 victoriosorum
1679 340 1772 372 me-

498 403 688 445 moriam
720 401 957 445 titulorum
987 404 1331 456 perpetuarent,
1360 397 1624 440 nullatenus
1645 393 1771 438 ada·

498 469 676 523 quavit.
738 468 917 511 Ceteris
940 474 1093 510 autem
1120 472 1342 509 terrarum
1364 463 1641 514 nationibus,
1664 460 1774 504 licet

500 541 594 577 tam
619 534 792 589 inclyta
823 532 1051 576 scribendi
1082 533 1291 581 materia,
1323 538 1369 574 et
1401 538 1494 574 tam
1529 526 1772 584 multiplex

500 613 591 643 non
624 600 822 650 affuerit,
853 598 1140 655 propagandi
1169 604 1324 641 tamen
1355 596 1552 639 nominis
1574 593 1776 638 sollicita

501 667 686 709 minime
724 665 869 708 defuit
907 664 1164 719 diligentia,
1206 676 1301 719 qua
1342 660 1634 717 antiquitatis
1675 670 1775 702 sum

500 738 633 786 gesta
668 731 981 774 memorabilia
1011 730 1068 776 ad
1102 729 1296 773 novellae
1319 727 1608 771 succedentis
1633 737 1773 781 gene·

502 798 694 840 rationis
720 798 948 847 notitiam,
969 796 1179 839 detracta
1195 801 1451 851 temporum
1470 792 1656 850 injuria,
1674 804 1774 848 per-

503 864 726 906 venirent.

570 928 710 971 Hunc
752 939 812 971 ex
851 940 907 971 ea
947 927 1142 971 caritate
1186 938 1358 969 morem
1405 925 1630 975 innatum,
1681 935 1777 979 qua

502 996 673 1051 proprii
708 994 854 1037 zelum
895 994 1081 1037 honoris
1110 992 1397 1047 singulorum
1430 989 1662 1034 mentibus
1690 989 1776 1032 im-

501 1061 669 1117 pressit
708 1066 889 1110 natura,
928 1060 974 1102 in
1011 1058 1273 1113 Anglicana
1301 1058 1598 1100 observatum
1636 1059 1778 1112 gente

502 1139 647 1182 usque
693 1126 751 1168 ad
808 1125 1008 1168 Joannis
1062 1125 1187 1179 regis
1239 1122 1503 1179 primordia,
1554 1121 1776 1166 omissum

502 1188 658 1248 [jam]¹
694 1191 938 1242 cernimus,
974 1203 1056 1234 seu
1089 1189 1400 1233 invalescente
1436 1187 1630 1240 desidia,
1668 1198 1775 1244 qum

504 1259 675 1302 laboris
693 1258 1007 1314 cuiuscunque
1038 1256 1207 1310 refugit
1232 1254 1522 1307 exercitium,
1539 1265 1621 1298 seu
1645 1252 1778 1305 vitio,

505 1338 598 1380 quo
634 1323 833 1380 populus
871 1324 918 1365 in
958 1323 1216 1378 principum
1261 1333 1450 1364 suorum
1490 1318 1779 1376 degenerans

504 1391 678 1442 odium,
707 1390 813 1446 plus
842 1388 889 1431 in
920 1401 1078 1431 eorum
1114 1387 1353 1443 vituperiis
1390 1398 1529 1442 quam
1562 1384 1779 1430 laudibus

505 1456 776 1500 delectatur.
843 1455 951 1508 Quo
974 1455 1145 1498 factum
1166 1459 1254 1505 est,
1276 1459 1330 1497 ut
1348 1465 1572 1496 annorum
1594 1455 1780 1496 centum

506 1523 671 1577 viginti
706 1527 754 1564 et
789 1522 988 1576 amplius
1025 1517 1301 1577 '[historia,]
1344 1520 1423 1562 vix
1473 1518 1603 1563 tenui
1648 1516 1781 1561 chro-

504 1583 1121 1650 nographorumfexcerpta
1154 1585 1409 1639 diligentia,
1450 1585 1499 1627 in
1534 1582 1779 1627 moderno·

504 1667 604 1696 rum
642 1652 1091 1697 confabulationibus
1128 1652 1379 1707 probrosis,
1413 1662 1573 1706 regum
1610 1661 1780 1706 prace-

503 1720 710 1763 dentium
753 1718 1131 1768 detractionibus,
1174 1717 1284 1760 dum
1324 1717 1476 1760 aliena
1509 1715 1568 1759 ad
1608 1715 1778 1759 colum

505 1785 809 1834 extolluntur,
847 1785 1044 1839 turpiter
1082 1783 1360 1826 obfuscetur.
1449 1781 1634 1837 Itaque,
1672 1793 1779 1824 cum

506 1850 757 1906 aliquando
780 1851 827 1892 in
857 1849 1011 1892 studio
1037 1861 1323 1892 moraremur
1351 1847 1619 1899 parisiensi,
1642 1852 1778 1902 gesta

509 1916 791 1960 Francorum
845 1911 1338 1969 ⁴Normannorumque
1386 1926 1490 1956 cum
1534 1913 1638 1957 aliis
1679 1920 1781 1957 stu-

506 1982 635 2025 diose
654 1981 947 2037 perlegimus,
979 1987 1026 2023 et
1050 1979 1267 2036 quicquid
1297 1981 1528 2023 nationem
1558 1979 1779 2034 tangebat

508 2049 816 2102 Anglicanam
854 2046 1051 2090 fideliter
1091 2047 1420 2102 excerpsimus.
1491 2045 1564 2089 Ex
1595 2045 1780 2101 quibus,

507 2127 612 2156 cum
634 2114 706 2156 his
725 2125 829 2168 quae
849 2113 895 2155 in
918 2112 1145 2156 chronicis
1168 2110 1440 2167 Anglicanis
1461 2110 1676 2163 vidimus,
1697 2110 1782 2155 ad'-

501 2179 640 2235 jectis
682 2179 916 2222 nonnullis
953 2192 1058 2233 quaa
1098 2178 1171 2221 vel
1207 2179 1395 2234 propria
1437 2170 1603 2221 notitia
1639 2176 1781 2221 colle-

507 2246 676 2300 gimus,
711 2245 784 2287 vel
827 2245 915 2287 fide
951 2244 1195 2299 dignorum
1241 2244 1390 2286 relatu
1432 2243 1691 2295 didicimus,
1729 2248 1784 2287 ut

508 2312 680 2353 omissa
707 2324 789 2353 seu
815 2311 1025 2364 neglecta
1052 2310 1316 2366 aliqualiter
1343 2309 1548 2366 suppleri
1577 2308 1781 2362 valeant,

508 2389 664 2418 eorum
702 2377 749 2418 in
783 2372 1013 2430 ‘sequenti
1048 2388 1187 2431 opere
1219 2389 1379 2430 regum
1411 2381 1561 2431 gesta,
1583 2376 1663 2431 qui
1693 2371 1782 2420 ‘se-

508 2441 707 2484 cundum
751 2441 918 2483 lineam
948 2441 1248 2483 masculinam
1278 2441 1338 2483 ab
1364 2440 1781 2494 Andegaveusibus

559 2593 567 2614 ¹
587 2595 683 2627 From
701 2595 751 2627 Μ.
763 2594 829 2627 and
846 2594 908 2627 Ar.
1212 2592 1224 2611 ⁴
1238 2594 1248 2611 ⁴
1264 2592 1637 2634 Northmannorumque
1645 2589 1668 2633 ς’
1699 2593 1787 2628 Ond.

558 2661 571 2680 ¹
586 2663 736 2694 omitted
753 2663 786 2694 in
803 2662 891 2695 eod.
910 2662 992 2702 neg.
1169 2638 1655 2725 n‘!;}n¹2(:¹:'g}g'ff⁰}¹7⁸2¹f“¹·

562 2727 783 2770 '‘t-scepta?
811 2731 907 2762 Mat
925 2731 967 2762 A.
1210 2728 1323 2771 “per
1336 2727 1355 2770 ς’
1383 2709 1472 2764 D’A:
