1930 3172
430 222 516 266 130
909 235 1007 269 mo.
1037 235 1235 268 ‘rstvsw

430 345 597 383 terram
649 354 781 384 suam
831 347 940 385 ante
988 341 1088 385 dies
1139 341 1451 398 quadraginta
1493 346 1705 386 exactos.

431 407 657 451 Discessit
690 408 834 463 igitur
863 422 947 452 rex
986 408 1269 453 Francorum
1296 422 1326 452 a
1354 408 1504 452 Terra
1530 407 1706 452 Sancta

428 474 474 517 in
504 474 578 518 die
608 475 658 519 S.
684 475 813 519 Petri
844 475 902 519 ad
927 471 1143 527 vincula,¹
1180 476 1304 519 datis
1331 476 1374 519 ei
1401 474 1459 519 ad
1489 479 1703 530 rogatum

426 554 561 585 sunm
604 555 634 586 a
674 555 781 598 rege
813 542 1017 587 Ricardo
1051 543 1199 599 galeis
1227 542 1435 594 duabus3
1475 541 1572 599 qui,
1606 546 1703 587 tam

428 608 636 652 beneficii
659 623 800 665 quam
815 610 1069 666 juramenti
1093 611 1347 662 immemor,
1371 610 1416 653 in
1445 621 1532 654 sno
1551 607 1703 653 reditu

426 674 474 718 in
515 676 757 719 Franciam
785 682 933 719 terras
964 677 1087 731 regis
1118 676 1309 720 Ricardi
1337 676 1526 720 invasit.
1595 674 1706 720 Rex

429 741 676 794 Ricardus,
706 748 811 798 post
833 743 1084 787 discessum
1116 744 1239 798 regis
1271 743 1574 795 Francorum,
1602 755 1702 787 om·

427 821 530 851 nem
572 809 780 852 adhibuit
816 822 1003 866 operam
1040 810 1182 853 muris
1218 811 1423 854 civitatis
1456 808 1623 854 Achon
1652 810 1702 854 in

425 875 567 918 altius
605 882 653 920 et
685 876 935 932 perfectius
964 876 1249 932 reparandis.
1320 876 1594 932 Reliquerat
1617 888 1704 921 an·

426 947 517 985 tem
552 956 636 987 rex
675 943 887 987 Franciae
923 943 971 987 in
1003 956 1144 986 manu
1172 943 1304 987 ducis
1341 941 1625 998 Burgundiae
1653 947 1703 988 et

426 1008 649 1053 Marehisi
689 1016 869 1067 partem
908 1022 1041 1054 snam
1079 1010 1310 1062 obsidum,
1350 1015 1404 1054 ut
1444 1009 1504 1053 de
1541 1022 1702 1056 eornm

424 1076 755 1133 redemptione,
777 1091 916 1134 quam
945 1077 1209 1121 aestimabat
1237 1076 1485 1121 ascendere
1505 1076 1565 1121 ad
1593 1090 1704 1122 cen-

426 1148 523 1186 tum
548 1145 694 1187 millia
722 1158 982 1196 aureorum,
1012 1158 1159 1200 usque
1188 1144 1248 1188 ad
1279 1143 1462 1188 Pascha
1491 1143 1701 1189 relictam

423 1210 486 1253 ihi
511 1211 720 1255 militiam
742 1211 996 1255 exhiberet.
1044 1211 1162 1255 Cum
1186 1217 1341 1255 autem
1363 1210 1535 1255 Gallici
1555 1210 1697 1256 aliam

423 1278 607 1332 penitus
658 1292 749 1322 non
801 1279 1024 1322 haberent
1063 1278 1410 1330 exhibitionem,
1450 1277 1698 1334 plurimum

423 1346 670 1388 murmuris
712 1351 761 1389 et
794 1346 1105 1389 contentionis
1144 1346 1264 1389 inter
1296 1358 1377 1389 eos
1417 1350 1570 1390 ortum
1609 1350 1698 1398 est,

420 1424 662 1468 quousque
692 1408 797 1456 'rex
840 1412 1071 1455 Ricardus
1100 1412 1205 1456 duci
1240 1412 1526 1467 Burgundioe
1556 1425 1700 1469 super

419 1479 604 1521 obsides
644 1480 733 1522 sibi
775 1479 961 1523 relictos
1010 1492 1268 1522 marcarum
1308 1479 1512 1535 quinque
1549 1479 1697 1524 minis

418 1545 745 1589 commodaret.
815 1546 1030 1590 Exeunte
1059 1552 1214 1590 autem
1245 1546 1572 1601 redemptionis
1602 1551 1697 1590 ter-

418 1612 560 1664 mino,
590 1619 638 1656 et
659 1619 931 1669 exspectata
954 1613 1148 1657 ulterius
1170 1626 1265 1656 una
1286 1613 1564 1669 septimana,
1589 1625 1696 1657 cum

418 1693 510 1722 non
532 1686 655 1723 esset
678 1681 757 1736 qui
786 1680 844 1724 de
876 1680 1153 1723 redimendis
1182 1686 1383 1732 curaret,
1412 1680 1470 1724 de
1500 1691 1694 1724 assensu

416 1747 618 1789 omnium
649 1748 696 1790 in
728 1747 930 1790 crastino
965 1743 1336 1803 ’Assumptionis
1362 1747 1571 1803 Virginis
1596 1746 1696 1803 glo-

417 1814 551 1856 riosae
571 1814 755 1857 obsides
775 1827 952 1865 omnes,
983 1814 1229 1857 reservatis
1260 1819 1440 1857 tantum
1463 1814 1697 1871 aliquibus

417 1880 684 1936 majoribus,
708 1881 749 1923 si
777 1881 894 1924 sorte
915 1880 989 1923 vel
1021 1881 1110 1935 ipsi
1139 1880 1486 1931 redimerentur,
1507 1880 1583 1924 vel
1607 1894 1693 1937 pro

413 1947 483 1990 eis
505 1947 649 2003 aliqui
674 1947 927 1990 Christiani
956 1947 1131 2002 captivi
1152 1947 1472 1999 liberarentur,
1494 1959 1526 1990 a
1554 1947 1694 1991 satel-

418 2013 578 2056 litibus
611 2014 913 2057 decollantur.
986 2013 1166 2057 Exinde
1202 2014 1495 2070 progreditur
1532 2012 1694 2059 Chris·

416 2081 571 2123 tianus
593 2082 843 2133 exercitus,
866 2081 984 2124 duce
1006 2094 1113 2136 rege
1139 2080 1357 2133 Ricardo,
1372 2094 1534 2125 versus
1548 2079 1694 2125 Asca-

415 2146 586 2190 loniam
606 2148 882 2191 maritimam
906 2148 1160 2191 civitatem.

198 2227 312 2253 cmiv
288 2226 399 2287 ἔξω,
485 2214 706 2259 Pervenit
727 2221 884 2259 autem
905 2215 1139 2258 exercitus
1166 2214 1391 2258 ordinatis
1414 2214 1552 2259 dietis
1581 2227 1690 2271 pro·

196 2260 341 2322 ’ἐίἷῖοω
414 2282 646 2336 grediens,
669 2288 777 2338 post
798 2282 969 2325 multas
995 2295 1025 2325 a
1054 2282 1222 2326 Turcis
1251 2281 1408 2325 illatas
1437 2281 1692 2335 molestias,

413 2348 473 2391 ad
494 2348 687 2392 fluvium
706 2349 787 2405 qui
808 2349 950 2403 vulgo
971 2348 1141 2392 dicitur
1160 2345 1490 2393 ⁴Rochetaille.
1543 2348 1693 2393 Exer-

410 2415 531 2458 citus
562 2420 718 2459 antem
747 2416 1005 2459 ancornm
1037 2429 1097 2459 ex
1125 2415 1251 2459 omni
1277 2416 1552 2471 paganismo
1580 2428 1692 2461 con-

410 2487 650 2537 gregatus,
689 2483 768 2538 qui
816 2482 1136 2525 aestimabatur
1181 2482 1239 2525 ad
1295 2488 1502 2526 trecenta
1543 2482 1691 2527 millia

458 2644 467 2664 ¹
491 2646 630 2687 August
645 2647 707 2678 lst-
1065 2645 1136 2677 snt
1158 2643 1277 2677 within
1302 2644 1360 2677 the
1378 2647 1511 2685 octavo,
1529 2642 1588 2677 th·
1606 2643 1688 2678 dats

454 2687 936 2733 ²‘rex;'wautinginD'A.
1065 2690 1692 2726 inheredemminedtothoisthd

453 2737 467 2757 ⁸
487 2742 497 2757 ⁸
515 2735 787 2781 Assumptionis'
813 2738 843 2770 is
865 2737 948 2771 froin
977 2737 1029 2771 M.
1065 2739 1215 2779 August.

402 2785 477 2819 The
499 2784 1029 2827 mormvosaseutbeingthe
1111 2780 1646 2826 “Boebdgnylleg’n.ddr.
