1930 3172
480 238 569 282 386
962 250 1059 283 mc.
1089 250 1286 283 rnivsri

486 357 869 401 ventionaverunt
903 357 982 415 (ut
1017 357 1171 400 verbis
1200 355 1406 413 ejusdem
1437 355 1759 400 conventionis

486 422 697 476 utamur)
729 424 914 468 domino
945 424 1043 479 regi
1076 430 1124 467 et
1155 423 1362 467 Henrico
1396 422 1491 466 filio
1525 434 1612 466 sno
1641 434 1756 479 pro·

485 491 639 542 dictis,
662 491 784 547 quod
808 492 847 534 si
874 505 956 534 rex
976 491 1147 534 Scotiae
1177 491 1334 547 aliquo
1361 496 1567 546 tempore
1594 502 1626 533 a
1643 488 1757 534 flde-

487 558 621 602 litate
651 559 773 614 regis
795 558 981 614 Anglioe
1011 564 1059 601 et
1089 558 1396 601 conventione
1438 555 1661 613 praedicta
1686 569 1759 601 re-

486 625 685 676 cederet,
727 626 815 681 ipsi
855 637 960 668 cum
1014 624 1199 667 domino
1245 638 1353 679 rege
1395 623 1582 679 Angliae
1631 628 1757 668 tene-

487 693 619 743 bunt,
656 692 777 735 sicut
796 704 900 734 cum
932 691 1045 746 ligio
1073 692 1259 735 domiuo
1292 704 1395 742 suo,
1415 696 1579 734 contra
1600 702 1756 747 regem

485 758 672 809 Scotiae,
712 771 954 814 quousque
993 758 1052 800 ad
1095 758 1364 801 fidelitatem
1404 758 1527 813 regis
1571 756 1756 814 Angliae

486 825 671 868 redeat:
707 838 846 881 quam
875 824 1061 881 quidem
1095 825 1474 880 compositionem
1508 823 1655 868 felicis
1687 836 1757 868 re·

485 891 764 934 cordationis
811 891 1068 946 Gregorius
1107 887 1251 947 ¹papa
1289 903 1438 935 nonus
1476 891 1525 933 in
1560 890 1757 935 diver-i·

484 959 687 1014 scriptis,
724 958 911 1013 regibus
954 958 1140 1013 Angliae
1179 958 1383 1009 directis,
1417 956 1655 1000 mandavit
1683 956 1758 1000 ilr-

485 1026 621 1069 miter
658 1026 924 1078 observari3
972 1026 1315 1069 continentibus
1346 1026 1487 1068 etiam
1530 1024 1652 1068 inter
1685 1036 1759 1068 ce·

485 1098 601 1144 tera,
634 1091 756 1148 quod
789 1092 1051 1135 willelmus
1087 1098 1136 1135 et
1166 1091 1451 1144 Alexander,
1478 1103 1614 1147 reges
1642 1090 1756 1135 Sco-

486 1159 581 1210 tiae,
611 1160 797 1213 regibus
831 1159 1018 1213 Angliae
1055 1158 1230 1202 Joanni
1267 1164 1315 1202 et
1354 1158 1561 1202 Henrico
1592 1157 1756 1213 ligium

485 1225 752 1281 homagium
794 1232 843 1270 et
893 1226 1160 1269 fidelitatem
1212 1226 1449 1278 fecerunt3
1501 1237 1643 1282 qnam
1687 1228 1757 1269 te·

488 1299 654 1336 nentur
696 1305 987 1336 successores
1026 1306 1201 1344 eorum,
1243 1293 1435 1335 comites
1475 1297 1524 1335 et
1560 1292 1756 1335 barones

485 1360 614 1413 regni
658 1359 843 1410 Scotioe,
880 1361 970 1415 ipsi
1014 1366 1061 1402 et
1103 1361 1199 1402 suis
1243 1359 1587 1403 successoribus
1626 1357 1756 1402 exhi-

485 1427 622 1478 bere;
675 1433 723 1469 et
759 1428 941 1478 iterum,
980 1427 1103 1482 quod
1149 1438 1253 1468 cum
1293 1426 1414 1469 idem
1459 1438 1545 1469 rex
1584 1424 1756 1469 Scotiae

485 1492 622 1536 homo
652 1493 793 1548 ligius
833 1494 896 1536 sit
927 1493 1073 1549 ipsius
1109 1493 1303 1536 Henrici
1333 1493 1456 1547 regis
1487 1490 1758 1547 Anglioe,et

484 1560 631 1603 eidem
675 1559 946 1615 praestiterit
992 1560 1228 1604 fidelitatis
1264 1560 1597 1616 juramentum,
1631 1558 1756 1615 quod

483 1627 530 1669 in
573 1627 719 1682 ipsius
771 1627 901 1682 regni
945 1633 993 1670 et
1035 1627 1155 1683 regis
1196 1626 1383 1682 Angliae
1429 1626 1754 1671 detrimentum

485 1694 597 1737 nihil
620 1694 786 1737 debeat
809 1700 1052 1738 attentare.

543 1765 557 1784 ‘
578 1762 638 1804 Et
671 1774 793 1817 papa
828 1761 1041 1806 Clemens
1076 1760 1282 1804 scribens
1319 1758 1416 1815 regi
1446 1757 1645 1814 Angliae,
1668 1772 1754 1816 pro

483 1827 668 1871 Joanne
707 1829 925 1884 episcopo
975 1828 1021 1871 8.
1057 1826 1275 1877 Andreae,
1317 1826 1514 1882 expulso
1558 1826 1620 1870 ab
1658 1826 1756 1883 epi-

484 1901 677 1950 scopatu
711 1907 796 1938 suo
831 1908 914 1950 per
950 1907 1105 1948 regem
1129 1894 1315 1944 Scotiae,
1348 1893 1470 1935 inter
1495 1898 1651 1936 cetera
1682 1906 1754 1937 ro·

483 1962 631 2015 gavit,
669 1961 791 2016 quod
833 1961 1117 2004 Willelmum
1149 1974 1302 2013 regem
1346 1959 1516 2003 Scotiae
1548 1966 1755 2003 moveret

483 2033 530 2070 et
575 2028 829 2079 induceret,
871 2034 917 2071 et
960 2028 999 2070 si
1030 2024 1242 2070 ²necesse
1291 2027 1429 2069 suerit
1466 2025 1754 2071 districtione

484 2094 647 2149 regali,
666 2108 760 2150 qua
782 2095 824 2137 ei
848 2095 1130 2150 praeeminet,
1158 2099 1206 2136 et
1237 2105 1459 2136 concessa
1485 2106 1584 2136 πω
1611 2093 1754 2149 regin

483 2161 744 2204 celsitudini
787 2167 1019 2217 potestate
1059 2160 1371 2216 compelleret,
1410 2165 1463 2203 ut
1498 2160 1626 2203 dicto
1658 2159 1754 2216 epi-

482 2241 624 2284 scopo
647 2242 830 2272 omnem
854 2241 1089 2272 rancorem
1114 2227 1255 2270 animi
1288 2227 1559 2278 remitteret,
1589 2232 1638 2270 et
1657 2227 1752 2283 epi·

482 2301 723 2350 scopatum
745 2309 880 2338 suum
903 2308 1006 2338 eum
1029 2295 1197 2337 habere
1221 2294 1518 2350 permitteret.
1567 2292 1630 2337 Et
1647 2299 1754 2350 post

482 2363 832 2405 conventionem
861 2362 1127 2418 praedictam
1162 2362 1210 2403 in
1241 2360 1438 2404 ecclesia
1464 2360 1588 2404 beati
1624 2359 1754 2404 Petri

485 2427 699 2479 Eboraci,
748 2442 903 2472 coram
961 2428 1195 2484 praedictis
1236 2428 1423 2482 regibus
1476 2426 1664 2482 Angliae
1704 2433 1754 2472 et

482 2494 669 2547 Scotioe,
690 2502 737 2539 et
769 2495 920 2539 David
949 2495 1092 2538 fratre
1119 2507 1204 2537 suo
1237 2500 1285 2537 et
1317 2494 1534 2537 universo
1564 2493 1752 2550 populo,

482 2562 703 2618 episcopi,
726 2564 933 2612 comites,
967 2568 1015 2606 et
1036 2563 1244 2610 barones,
1277 2567 1324 2604 et
1348 2561 1517 2604 milites
1540 2559 1598 2604 de
1629 2565 1754 2604 terra
1924 2582 1930 2619 -j

481 2629 612 2684 regni
651 2629 839 2681 Scotiae,
873 2630 1152 2686 juraverunt
1185 2628 1371 2671 domino
1411 2627 1508 2684 regi
1549 2625 1753 2683 Angliae,
1918 2621 1930 2932 i

1895 2933 1930 3172 ,1

529 2809 920 2854 Ηραμςόιιιίαεάἰυ
939 2809 1028 2845 ΒἊ.
1101 2808 1110 2857 Ι
1177 2806 1573 2850 ’‘nece-minum.
