1930 3172
409 224 496 268 146
889 232 987 264 mc.
1018 230 1214 263 raivs‘rt

410 353 570 398 pugna
601 339 893 396 gravissima,
930 352 959 381 a
997 350 1129 382 mane
1163 337 1408 380 commissa
1444 348 1592 393 usquo
1623 335 1686 381 ad

411 420 667 464 vesperam.
740 405 955 450 Miranda
976 405 1161 462 quidem
1183 404 1347 454 relatu,
1380 408 1428 447 et
1449 403 1569 447 sorte
1596 402 1688 448 fido

410 475 720 519 censebuntur
742 474 950 528 indigna,
981 479 1075 516 tam
1107 472 1245 526 longe
1277 466 1463 527 'impari
1495 482 1686 514 numero

409 542 682 598 perdurasse
703 541 958 585 certamina
978 554 989 592 ;
1021 538 1101 582 sed
1122 551 1282 582 revera
1307 538 1400 581 Dm
1424 537 1687 581 miserantis

408 609 714 665 opitulatione
735 621 827 651 non
851 605 1173 661 ambigendum
1198 605 1286 648 hoc
1306 617 1409 648 esso
1432 609 1686 660 patratum,

409 689 513 718 cum
557 676 602 718 in
654 675 733 718 illa
782 674 857 717 die
900 674 1086 717 funesta
1126 679 1387 715 nostrorum
1430 670 1689 716 corruerint

412 755 531 785 unus
570 741 643 784 vel
681 741 776 783 duo
811 746 1009 791 tantum,
1046 739 1304 782 ancorum
1344 750 1455 782 vero
1486 737 1688 795 amplius

410 821 548 864 quam
573 808 871 863 septingenti.

198 889 343 949 wama
483 875 629 918 l‘orro
656 888 715 917 ex
745 874 869 916 illins
902 872 1049 929 praelii
1071 872 1365 926 fatigatione,
1389 870 1690 915 cadaverum·

197 957 304 982 nun-a
413 956 503 998 que
549 942 730 993 soetore‚
774 940 895 983 undo
945 940 1074 982 locus
1123 944 1368 994 corruptus
1411 943 1484 981 est
1522 937 1592 982 ita
1635 941 1690 983 ut

414 1009 598 1065 plurimi
632 1009 922 1057 morirentur,
945 1005 1176 1050 Ricardus
1211 1018 1294 1048 rex
1321 1004 1485 1048 incidit
1509 1004 1558 1047 in
1586 1003 1688 1049 lan·

414 1071 641 1132 guorem.²
728 1074 1050 1118 Invalescente
1099 1078 1255 1116 autem
1306 1071 1582 1126 aegritudine
1624 1072 1691 1116 ni·

414 1144 572 1193 mium,
603 1156 686 1186 rex
717 1141 775 1185 de
809 1140 1125 1197 recuperanda
1160 1140 1362 1182 sanitate
1397 1134 1691 1194 'desperatus

414 1216 498 1253 est.
563 1209 699 1253 Unde
721 1215 816 1252 tam
849 1221 932 1264 pro
955 1207 1058 1250 aliis
1085 1219 1224 1262 quam
1258 1219 1343 1262 pro
1373 1205 1528 1261 seipso
1552 1205 1691 1250 nimis

414 1277 600 1328 anxius,
639 1275 804 1319 maluit
840 1276 991 1318 minus
1037 1274 1366 1317 inconveniens
1408 1271 1596 1328 eligere,
1637 1277 1692 1317 ut

414 1344 624 1387 inducias
666 1343 892 1398 exigeret,
929 1354 1069 1397 quam
1112 1341 1152 1383 si
1192 1340 1365 1383 infecto
1395 1339 1583 1394 negotio
1619 1351 1688 1383 re-

414 1410 582 1454 cedens
614 1416 782 1454 terram
819 1407 1190 1465 depopulandam
1221 1407 1409 1449 omnino
1442 1405 1690 1459 desem-ot,

413 1478 536 1520 sicut
564 1483 612 1520 et
643 1489 803 1520 omnes
837 1476 917 1518 alii
951 1475 1171 1525 fecerant,
1199 1474 1300 1530 jam
1337 1474 1609 1516 catervatim
1641 1473 1692 1517 in

199 1557 401 1584 numennu-
416 1545 614 1587 navibus
655 1544 893 1587 abeuntes,
962 1542 1178 1585 Obtinuit
1216 1541 1374 1595 itaque
1403 1552 1434 1583 a
1469 1539 1692 1584 Saladino

199 1591 388 1652 ἓῖιῗαῗμω
416 1612 625 1655 inducias
656 1611 743 1653 sub
780 1610 871 1653 hac
902 1609 1077 1652 forma:
1116 1607 1343 1659 videlicet,
1380 1611 1435 1650 ut
1467 1605 1692 1660 Ascalon,

417 1692 524 1734 quae
550 1683 788 1734 superstes
814 1676 1035 1720 Saladino
1073 1675 1237 1718 terrori
1265 1678 1383 1726 erat,
1417 1673 1695 1727 dirueretur,

417 1759 447 1788 a
470 1745 598 1788 nullo
621 1745 857 1788 hominum
880 1742 1139 1798 reparanda
1160 1746 1270 1785 ante
1286 1740 1533 1784 terminum
1553 1740 1692 1785 trium

417 1825 642 1855 annorum
692 1811 751 1854 ad
807 1809 992 1853 Pascha
1037 1809 1301 1865 proximum
1349 1806 1695 1863 incipientiun3

419 1884 525 1934 post
563 1877 810 1922 triennium
851 1875 1062 1931 quisqms
1099 1871 1350 1930 ⁴superiori
1395 1874 1575 1929 vigeret
1614 1886 1696 1930 po-

419 1946 583 1997 tentia,
618 1944 896 1988 Ascalonem
922 1947 1186 1997 occuparet.
1257 1940 1502 1984 Concessit
1537 1946 1694 1985 antem

420 2011 669 2055 Saladinus
712 2016 765 2054 ut
807 2010 963 2065 Joppe
1006 2012 1361 2060 restauraretur,
1406 2006 1698 2052 Christicolis

420 2079 563 2122 libere
601 2085 649 2121 et
688 2078 844 2133 quiete
884 2075 1201 2126 inhabitanda,
1237 2087 1343 2117 cum
1372 2074 1591 2118 universa
1627 2087 1699 2119 re-

420 2146 558 2200 gione
602 2145 772 2196 vicina,
817 2140 1062 2199 Ἰοοὶεῳιο,
1107 2141 1326 2185 maneriis
1364 2146 1413 2184 et
1451 2141 1696 2186 montanis.

422 2211 796 2256 confirmandam
831 2210 972 2254 etiam
1003 2210 1164 2252 sanxit
1188 2213 1236 2251 et
1269 2207 1583 2252 inviolandam
1612 2219 1699 2265 pa·

421 2293 520 2322 cem
554 2280 675 2322 inter
707 2277 1011 2322 Christicolas
1044 2282 1092 2319 et
1128 2276 1401 2326 Saracenos,
1426 2274 1702 2332 salvumque

422 2353 724 2402 utrorumque
747 2358 830 2401 per
848 2345 1004 2387 omnia
1033 2356 1136 2386 esse
1158 2347 1376 2393 meatum,
1407 2347 1456 2386 et
1474 2341 1533 2386 ad
1562 2354 1700 2387 sanc-

364 2526 370 2531 .
473 2493 1045 2539 ⁸·impui;·mtinginu.nnd
1125 2491 1380 2535 ’‘despernt3'
1405 2493 1481 2527 lm:
1512 2492 1704 2536 ‘despuat

423 2545 487 2578 Δι’.
1081 2541 1192 2575 Quem
1209 2551 1286 2574 cum
1300 2537 1320 2581 ς’
1335 2540 1400 2574 Ar.

470 2590 485 2610 ¹
507 2592 518 2610 ‘
529 2590 680 2625 Quidam
697 2590 833 2623 morbus
849 2587 990 2631 pestifer
1003 2598 1046 2620 ex

424 2639 515 2671 aeris
550 2638 764 2679 corruptione
811 2636 1013 2678 proveniens
1026 2634 1050 2674 ς’
1129 2633 1142 2653 ⁴
1161 2634 1338 2675 ‘superior
1348 2630 1369 2675 ς’
1385 2633 1439 2668 Μ.

427 2686 540 2726 Roger
563 2685 604 2718 os
629 2684 832 2724 wendover,
854 2683 906 2716 iil.
930 2692 966 2724 p.
990 2684 1045 2715 u.

424 2734 435 2752 ⁴
451 2732 595 2774 ‘rypha-
622 2736 695 2765 erat
723 2731 904 2765 continuus
914 2725 935 2768 ς’
972 2729 1046 2762 mc.
1128 2726 1143 2745 ⁸
1165 2727 1342 2769 ‘locisque
1357 2726 1535 2760 mariti-b
1553 2729 1589 2760 et
1610 2735 1704 2761 mu·

429 2779 540 2811 Divis.
557 2789 591 2820 p.
607 2781 664 2811 09.
1081 2775 1170 2807 tanis
1181 2775 1203 2815 ;'
1220 2774 1271 2807 Μ.
1285 2777 1318 2807 et
1332 2773 1396 2808 Δν.
