1930 3172
221 898 328 958 {z
186 764 377 831 ξέ

185 1566 247 1593 n·
261 1566 370 1593 Prencb

186 1600 255 1631 hina
268 1600 292 1626 is

185 1634 314 1659 defeated

187 1667 319 1694 Richard-

187 2434 279 2460 nenti·
292 2434 325 2461 o(

184 2468 328 2528 f?i.‘⁸“”⁶

404 221 491 267 158
883 236 978 269 mc.
999 236 1197 270 rnivm

407 337 607 383 Moritur
630 339 908 393 willelmus,
937 342 1134 387 Eliensis
1157 344 1419 400 episcopus,
1447 345 1494 389 in
1520 345 1687 391 itinero

404 418 567 449 versus
593 406 806 451 Romam.

444 549 478 575 n.
497 550 530 574 κ.
545 551 572 575 ³.
585 551 618 575 c.
1166 586 1168 591 Ι
1207 555 1412 581 'uA-oona.
1473 555 1659 582 amman·

449 590 614 635 mul.
666 612 848 683 ωιῧζιβί
866 612 919 637 ut.
951 613 1092 638 nauata
1113 614 1160 639 vl.
1215 614 1359 685 ΆΙΙΙίῐῖῧ
1377 614 1415 640 ΙΙ.
1474 614 1613 641 ΙΙΒΑΙ.
1632 614 1659 642 Ι.

800 673 809 683 .
1008 654 1042 685 7.
1057 655 1091 685 8.
1327 676 1336 686 .

494 752 763 797 nanuum
824 755 1044 800 Panormi
1099 757 1144 800 in
1202 757 1361 802 sicma
1405 759 1683 816 imponam
1751 743 1753 745 ’

379 817 385 823 ’
407 818 613 863 Henrico
634 820 743 872 vl„
765 821 891 865 Otho
915 823 1037 866 filius
1066 823 1259 867 Henrici
1290 824 1420 869 ducis
1446 825 1685 880 Saxonio,

317 917 325 924 .
404 899 547 941 nepos
598 887 790 931 Ricardi
839 902 900 932 ex
943 903 1101 933 sorore
1150 890 1364 943 Matilde,
1406 898 1687 948 procurante

403 954 635 997 avunculo
688 955 979 999 abundanter
1031 970 1279 1013 expensas,
1328 970 1359 1002 a
1408 958 1685 1015 quibusda-

402 1018 647 1065 Teutoniae
677 1022 962 1078 principibus
991 1024 1038 1067 in
1071 1037 1225 1078 regem
1258 1023 1576 1071 Romanorum
1605 1026 1686 1072 ou-

402 1087 557 1141 gitur3
589 1088 694 1131 aliis
733 1089 1012 1144 eligentibus
1052 1090 1322 1147 Philippum
1359 1091 1524 1136 ducem
1562 1092 1684 1139 Sne-

403 1154 509 1206 viae,
566 1154 754 1199 fratrem
812 1156 1007 1200 Henrici
1072 1157 1306 1214 qnondam
1372 1159 1684 1215 imperatoris.

404 1220 547 1264 Hunc
581 1222 669 1265 sibi
712 1223 1048 1268 consoederavit
1088 1224 1333 1281 Philippus
1372 1220 1680 1272 'Francorum

403 1301 507 1339 rex,
534 1301 728 1344 sperans
760 1303 844 1346 per
871 1304 974 1334 eum
1006 1292 1220 1335 comitem
1245 1291 1477 1337 Flandrioe
1499 1292 1683 1340 bessius

402 1355 647 1411 subjicere,
678 1362 725 1400 et
748 1356 1005 1412 Anglorum
1039 1371 1195 1413 regem
1228 1358 1482 1403 Ricardum
1514 1359 1683 1405 fortius

402 1421 689 1477 impugnare.
759 1423 927 1467 Comes
954 1425 1253 1468 Flandrensis
1281 1425 1503 1470 Sanctum
1526 1425 1685 1472 Ando-

405 1500 583 1532 marnm
625 1490 821 1541 obsedit,
858 1496 906 1534 et
943 1491 1064 1535 infra
1104 1505 1279 1548 pancos
1318 1492 1418 1536 dies
1460 1492 1521 1537 ad
1557 1492 1684 1539 dedi-

406 1555 575 1599 tionem
605 1556 774 1611 coegit.
846 1557 1076 1602 Ricardus
1112 1564 1267 1602 autem
1298 1572 1382 1603 rex
1422 1557 1684 1616 Anglorun

327 1634 360 1666 ιη
404 1635 508 1665 cum
532 1622 836 1667 Vulcasinnm
853 1625 998 1681 Juxta
1022 1625 1281 1669 Gisortinm
1300 1631 1524 1679 vastaret,
1545 1622 1685 1672 ’Tor-

404 1689 536 1732 cillas
560 1690 789 1746 villasque
806 1691 924 1735 alias
948 1692 1227 1744 incenderet,
1246 1694 1578 1748 superveniens
1599 1707 1682 1740 rex

407 1756 691 1800 Francorum
714 1756 959 1814 Philippus
988 1758 1149 1815 praelio
1176 1754 1455 1804 ’decertavit
1472 1774 1578 1805 cnm
1597 1774 1684 1816 cog

404 1822 484 1865 sed
517 1823 707 1867 inferior
735 1824 886 1868 sactus
913 1825 1125 1880 aufugit:
1160 1825 1240 1881 qui
1275 1826 1364 1869 nisi
1394 1826 1441 1869 in
1477 1833 1682 1873 usuum

405 1887 601 1932 Gisortii
626 1902 655 1933 a
682 1891 953 1934 custodibus
975 1887 1280 1935 ‘attractatus
1302 1892 1480 1945 fnisset,
1505 1892 1680 1952 (facto

406 1969 604 2011 namque
638 1957 726 1999 sub
760 1971 816 2001 eo
855 1964 995 2014 ponte
1034 1958 1142 2001 dum
1185 1958 1382 2014 sugeret.
1414 1973 1533 2016 pene
1570 1962 1681 2006 snb·

405 2035 583 2065 mersus
616 2022 808 2080 suerat,)
837 2038 866 2067 a
899 2038 1008 2080 rege
1039 2025 1244 2069 Ricardo
1266 2025 1581 2072 vehementius
1613 2027 1685 2072 in-

403 2095 627 2145 sequente
656 2091 1014 2147 comprehensus
1049 2092 1226 2135 suisset.
1297 2092 1371 2136 De
1403 2093 1539 2151 cujus
1566 2094 1683 2140 mni-

406 2156 530 2199 tibus
574 2157 953 2201 nominatissimis
1000 2159 1125 2215 capti
1174 2164 1284 2202 sunt
1327 2159 1512 2204 circiter
1553 2166 1683 2207 octo-

405 2223 566 2277 ginta;
598 2224 720 2267 inter
736 2238 853 2280 quos
877 2226 1096 2281 proecipui
1118 2231 1254 2269 erant
1276 2224 1456 2271 Alanus
1478 2227 1537 2272 de
1560 2226 1686 2272 Bus-

404 2290 549 2342 ciaco,
573 2290 829 2335 Matthaeus
848 2292 907 2335 de
935 2292 1177 2343 Marliaco‚
1208 2292 1449 2337 Gilbertns
1476 2294 1535 2338 de
1563 2294 1686 2340 Me!-

405 2355 502 2399 loto
515 2357 690 2413 junior,
716 2357 960 2414 Philippus
983 2359 1041 2402 de
1059 2355 1075 2379 ⁵
1088 2358 1326 2404 Nantolio.

472 2423 603 2467 Obiit
625 2424 711 2467 hoc
734 2438 856 2468 anno
878 2424 1162 2469 Coelestinus
1191 2439 1331 2482 papa,
1356 2440 1459 2470 cum
1484 2427 1683 2475 sedisset

404 2490 538 2532 annis
569 2504 671 2542 sex,
696 2492 929 2535 mensibus
958 2498 1081 2543 octo,
1106 2492 1268 2535 diebus
1288 2493 1515 2539 undecim.
1585 2495 1682 2540 mo

452 2629 461 2651 ¹
485 2632 495 2650 ⁴
510 2631 712 2665 Francorum
725 2629 744 2671 ;“
762 2633 913 2674 wanting
929 2633 962 2665 in
975 2633 1025 2665 Μ.
1106 2632 1121 2653 ⁸
1143 2636 1151 2651 ‘
1166 2634 1353 2667 decoetavit
1366 2632 1386 2674 ;'
1403 2634 1455 2668 Μ.
1469 2639 1503 2668 et
1518 2634 1582 2668 Δν.

403 2678 469 2710 and
488 2678 550 2711 Ar.
1107 2679 1118 2697 ⁴
1141 2682 1151 2699 ‘
1166 2684 1332 2715 attractus
1345 2678 1365 2721 ς’
1383 2681 1475 2716 D’A.

449 2723 464 2744 ¹
484 2726 495 2743 ⁸
507 2724 681 2758 Cornelias
694 2722 713 2762 ς’
732 2722 844 2759 122:
871 2725 1024 2759 ‘Gon-tel·
1106 2725 1119 2744 ⁸
1141 2728 1151 2745 ⁴
1166 2727 1335 2761 Naueolio
1347 2725 1367 2767 ;'
1383 2728 1551 2763 Haetlr.
1577 2727 1679 2762 Com·

405 2771 456 2803 las
470 2769 491 2811 ς’
508 2772 558 2804 Μ.
570 2775 602 2803 et
619 2772 683 2805 Ar.
1060 2783 1141 2814 pare
1158 2774 1295 2815 Diceto,
1308 2778 1386 2808 ¹1⁰⁴.
