1930 3172
437 206 526 250 28⁴
921 219 1019 252 mo.
1050 219 1248 252 τκινιτι
1911 0 1930 221 ³

439 324 484 367 in
513 325 835 380 imperatorem
868 324 1203 377 Romanorum,
1228 326 1307 382 qui
1340 339 1462 370 anno
1486 326 1648 372 eodem

220 400 341 460 ἕνα
439 404 591 446 regem
640 391 927 435 Alemanniae
970 393 1238 436 solemniter
1275 399 1536 439 coronatur.

218 441 347 527 g&
438 459 622 501 wardus
652 458 698 500 in
731 458 892 502 Achon
932 458 1299 503 Christianorum
1335 466 1383 503 et
1412 460 1716 505 Tartarorun

261 509 328 534 μ’
350 520 357 526 ’
437 526 614 568 auxilio
633 525 807 568 diutius
830 526 1000 569 frustra
1019 533 1283 582 expectato,
1309 527 1480 570 relictis
1495 527 1554 571 ad
1578 533 1716 572 tm
1926 564 1930 575 ,

436 592 744 635 defensionem
781 593 1092 647 stipendiariis
1130 593 1378 645 nonnullis,
1410 607 1552 638 naves
1582 606 1716 651 repa·

438 659 664 702 triaturus
716 659 991 712 ingrediens,
1058 673 1196 703 cursu
1258 660 1456 705 velivolo
1509 660 1713 705 Siciliam

439 738 584 781 usque
631 726 867 780 pervenit3
914 726 991 768 ubi
1031 739 1061 768 a
1106 740 1215 781 rege
1256 726 1426 771 Carolo
1464 726 1715 772 honorifice

437 797 698 847 susceptus,
721 805 824 834 cum
852 804 935 847 per
954 792 1053 835 dies
1075 792 1273 848 aliquos,
1306 793 1539 838 recreandi
1560 794 1715 850 gratia

436 871 487 900 se
506 864 554 901 et
573 871 701 908 suos,
732 859 1042 909 remansisset,
1070 872 1277 903 rumores
1308 861 1457 916 primo
1478 859 1537 904 de
1566 866 1716 906 morte

436 925 508 967 sui
534 924 615 967 filii
646 925 856 975 Hem-ici,
892 938 947 968 ac
976 926 1268 981 postmodum
1301 926 1359 970 de
1390 932 1538 970 morte
1565 926 1714 984 patris
1919 935 1930 1167 ¹¹

220 1006 273 1032 m·
286 1005 353 1032 mun
435 993 630 1047 accepit.
702 991 797 1045 Qui
828 992 936 1035 dum
969 998 1162 1035 mortem
1194 994 1343 1048 patris
1371 994 1541 1037 anxius
1570 1005 1711 1051 quam

218 1041 302 1072 '’m’'
436 1058 516 1101 filii
555 1059 812 1114 plangeret,
847 1071 878 1102 a
915 1073 1022 1114 rege
1058 1059 1228 1103 Carolo
1269 1061 1369 1103 vice
1408 1060 1714 1105 consolatoris

434 1126 680 1169 assistente
720 1126 1059 1182 plurimumque
1100 1127 1296 1170 mirante
1334 1140 1477 1183 super
1512 1126 1600 1172 boc
1637 1140 1711 1171 re-

432 1191 647 1247 quisitus,
676 1192 845 1235 dicitur
879 1193 1186 1248 respondisse,
1222 1193 1465 1238 Jacturam
1511 1193 1710 1239 filiorum

433 1259 629 1310 facilem,
660 1272 764 1301 cum
802 1260 973 1302 cotidie
1010 1260 1406 1315 multiplicentur3
1447 1260 1711 1306 irremedia-
1925 1265 1930 1327 1

433 1326 569 1368 bilem
594 1339 704 1369 vero
727 1339 829 1368 esse
852 1334 1093 1381 parentum
1122 1333 1331 1377 mortem,
1362 1327 1442 1383 qui
1474 1333 1711 1384 nequeunt
1909 1347 1930 1408 4

432 1393 699 1435 restaurari.
778 1393 991 1448 Denique
1029 1393 1338 1437 discedentem
1374 1394 1570 1438 conduci
1599 1394 1710 1439 fecit
1926 1410 1930 1415 ·

431 1472 513 1514 per
536 1459 756 1502 Carolum
787 1459 930 1502 filium
958 1473 1111 1511 suum,
1143 1473 1290 1515 usque
1319 1460 1378 1503 ad
1406 1460 1596 1505 ultimo·
1619 1466 1711 1506 ter-

432 1527 580 1569 minos
619 1526 747 1581 regni
785 1526 873 1569 sui.
945 1526 1061 1570 Cum
1100 1533 1255 1569 autem
1293 1526 1352 1570 ad
1386 1527 1709 1573 Urbem-vete·

432 1606 543 1644 rem,
590 1593 669 1636 ubi
715 1606 838 1649 papa
866 1606 972 1646 cum
1009 1605 1097 1636 sua
1126 1594 1255 1637 curia
1291 1593 1536 1646 residebat,
1565 1594 1708 1639 adve-
1919 1590 1930 1630 ἕ

431 1660 591 1710 nisset,
637 1660 983 1704 occurrentibus
1044 1660 1087 1704 ei
1142 1660 1452 1704 cardinalibus
1496 1661 1710 1707 omnibus

430 1740 534 1770 cum
568 1726 740 1770 honore
775 1727 997 1778 maximo,
1039 1726 1098 1770 ad
1135 1727 1308 1771 domini
1339 1740 1475 1783 papae
1505 1740 1707 1784 praeen-

430 1794 543 1836 tiam
578 1799 649 1837 est
695 1793 936 1837 deductus.
1021 1792 1110 1837 Cui
1139 1806 1281 1849 super
1315 1800 1463 1838 morte
1507 1807 1708 1839 musan-

429 1860 585 1914 guinei
616 1860 689 1902 sui
719 1858 912 1903 Henrici
947 1860 1006 1903 de
1039 1859 1314 1903 Alemannia
1345 1861 1532 1904 anxiam
1562 1860 1707 1918 depo·

428 1926 522 1969 suit
543 1926 905 1981 querimoniam;
936 1939 1091 1981 quem,
1122 1940 1212 1970 non
1242 1926 1379 1969 modo
1408 1928 1454 1970 in
1483 1926 1706 1972 offensam

421 1992 543 2047 juris
583 1992 786 2043 humani,
827 2006 857 2036 a
898 1992 1117 2036 Gnidone
1146 1993 1204 2037 de
1245 1993 1559 2047 Monte-sorti,
1593 1994 1704 2039 dum

428 2060 669 2101 missarum
713 2058 949 2102 solemniis
989 2060 1244 2110 assisteret,
1288 2061 1535 2104 constabat
1563 2061 1707 2106 inter-

428 2126 614 2177 sectum,
645 2126 725 2169 sed
757 2126 804 2169 in
835 2131 1151 2182 contemptum
1182 2126 1407 2179 ecclesioe,
1429 2131 1478 2171 et
1506 2127 1704 2172 scanda-

427 2193 521 2235 lum
557 2192 755 2236 nominis
794 2192 1061 2236 Christiani.
1134 2192 1267 2249 Papa
1296 2193 1440 2248 igitur
1470 2193 1543 2237 bis
1578 2207 1704 2239 eom·

426 2265 581 2302 motus
641 2258 900 2303 Guidonem
966 2260 1401 2311 excommunicavit,
1453 2274 1704 2319 omnesque

425 2339 529 2369 eum
565 2332 886 2382 receptantes;
940 2333 988 2370 et
1026 2340 1270 2382 quousque
1314 2327 1520 2371 eccledae
1563 2329 1704 2373 satis-

427 2393 571 2444 fieret,
595 2398 743 2436 terras
764 2405 922 2436 eorum
945 2394 1193 2449 supposuit
1212 2393 1471 2438 interdicto.

211 2478 351 2505 mum
496 2459 748 2502 Discedens
777 2460 974 2515 denique
1006 2473 1089 2502 rex
1118 2460 1374 2503 Edwardus
1403 2474 1432 2503 a
1461 2460 1591 2505 curia
1619 2474 1704 2518 per

206 2513 369 2579 {Imm
425 2526 639 2569 civitates
681 2526 834 2569 Italiae
867 2526 1176 2582 progreditur,
1214 2527 1386 2583 ubique
1425 2533 1640 2584 receptus
1673 2541 1704 2574 a

424 2593 604 2636 civibus
643 2606 747 2636 cum
796 2592 969 2648 gaudio
1012 2594 1215 2636 maximo
1258 2599 1305 2637 et
1335 2593 1524 2639 honore.
1594 2590 1701 2640 'In-

423 2673 640 2713 gressuro
669 2665 820 2703 autem
865 2659 1145 2703 Sabaudiam
1186 2660 1367 2716 praelati
1403 2673 1459 2704 ac
1489 2673 1700 2717 proceru

890 2766 899 2787 ¹
922 2767 934 2787 ⁸
947 2764 1157 2809 lamneus?
1174 2767 1224 2801 M.
