1930 3172
473 245 561 288 ⁴00
938 256 1032 289 mc.
1067 256 1263 289 valva-ri

474 363 587 407 nihil
626 363 936 420 proficientes,
977 363 1198 407 fidelitate
1239 361 1394 405 debita
1436 366 1642 413 servata,
1683 360 1744 406 ad

473 429 577 474 loca
599 426 844 474 ¹custodiae
867 437 1175 474 revertuntur.
1229 427 1605 481 'Columnenses,
1625 440 1746 472 mor·

473 502 555 541 tuo
582 511 703 554 papa
735 497 991 549 Bonisacio‚
1019 497 1076 540 de
1102 498 1199 540 suis
1227 496 1399 551 egressi
1432 494 1654 547 latibulis,
1685 494 1747 539 ad

473 577 640 621 papam
667 564 965 607 Benedictum
998 569 1238 614 venerunt,
1272 562 1631 606 misericordiam
1662 561 1748 606 im—

473 631 739 687 plorantes:
786 644 904 687 quos
947 631 1024 673 ille
1065 631 1261 686 benigne
1299 630 1555 685 suscipiens
1589 627 1747 673 absol-

472 699 556 750 vit,
591 711 647 741 ac
679 699 901 740 bonorum
933 710 1122 740 suorum
1154 697 1315 740 tribuit
1344 696 1412 738 eis
1442 694 1743 749 facultatenu

471 764 551 807 sed
586 778 667 808 eos
704 764 762 807 ad
794 763 987 818 gradum
1019 763 1333 806 cardinalatus
1363 768 1458 806 tam
1486 762 1643 807 subito
1673 774 1744 805 re·

470 831 664 875 stituere
687 844 776 874 non
801 830 1019 874 decrevit.

256 911 354 938 unx-a
540 898 802 941 willelmus
847 898 969 940 filius
1018 895 1217 939 Joannis
1266 895 1449 939 comitis
1493 894 1745 947 Hanouioe,

250 944 420 1066 ἓν
470 970 518 1008 et
549 964 705 1008 Guido
740 964 1056 1021 TraJectensis
1086 963 1348 1018 episcopus,
1384 961 1591 1019 ejtisdem
1626 961 1744 1006 Wil-

471 1031 595 1075 lelmi
641 1037 852 1088 patruus,
900 1036 1064 1074 contra
1107 1028 1428 1079 Fiandrensoe,
1473 1029 1554 1084 qui
1598 1029 1746 1072 maxi·

472 1112 593 1141 mam
652 1104 831 1155 partem
875 1094 1137 1141 ’Selandioe
1188 1101 1548 1151 occupaverant,
1594 1095 1748 1151 pruli-

471 1170 604 1208 antes
643 1165 963 1216 succumbunt,
1001 1170 1140 1220 capto
1182 1163 1417 1218 episcopo,
1458 1161 1538 1206 sed
1569 1161 1747 1207 Willel·

472 1245 548 1275 mo
590 1246 672 1289 per
708 1233 867 1286 fugam
908 1231 1082 1287 elapso.
1165 1229 1297 1285 Papa
1341 1229 1620 1273 Benedictus
1654 1228 1749 1273 sra-

473 1305 589 1342 trem
641 1299 889 1342 Nicolaum
937 1298 995 1341 de
1038 1297 1182 1340 Prato
1222 1297 1489 1352 episcopum
1533 1295 1747 1352 Spolota·

474 1379 600 1417 num,
639 1366 696 1409 ad
738 1365 1075 1409 cardinalatum
1121 1376 1377 1415 assumens,
1419 1363 1529 1407 fecit
1565 1362 1745 1419 episeo-

473 1446 579 1489 pum
613 1432 890 1476 Ostiensem.
963 1432 1173 1475 Fratrem
1202 1430 1343 1473 etiam
1373 1429 1659 1473 willelmum
1686 1429 1746 1473 de

474 1499 826 1551 Makelesfelde‚
875 1499 1107 1542 doctorem
1162 1510 1307 1540 sacrae
1359 1496 1623 1552 theologia.
1670 1508 1748 1541 or.

472 1566 593 1610 dinis
631 1566 1010 1617 Praedicatorum,
1046 1565 1234 1608 natione
1267 1563 1534 1619 Angsscum,
1575 1562 1748 1608 dioece-

474 1634 538 1677 sis
570 1633 914 1684 Coventrensis,
951 1632 1074 1676 tituli
1110 1632 1158 1675 S.
1189 1631 1375 1674 Sabinae
1409 1630 1518 1674 fecit
1555 1630 1747 1687 presby-

477 1707 625 1744 terum
650 1701 931 1744 cardinalem
953 1712 966 1751 ;
1002 1700 1095 1755 qui,
1112 1705 1359 1754 antequam
1383 1697 1443 1741 ad
1463 1710 1568 1741 eum
1588 1709 1746 1741 rumor

478 1769 752 1824 perveniret,
797 1768 1073 1819 infirmatus,
1114 1771 1163 1809 et
1203 1765 1263 1809 ad
1293 1771 1547 1808 extremam
1582 1763 1745 1808 horam

477 1835 743 1891 perductus,
762 1830 1105 1911 ⁴[CanUtuariae]
1122 1834 1170 1876 in
1195 1833 1397 1876 Domino
1419 1830 1712 1875 obdormivit.

258 1919 413 1947 ami-u·
547 1901 654 1945 Hoc
697 1914 836 1952 anno,
874 1901 999 1944 circa
1038 1899 1311 1955 principium
1346 1897 1745 1953 Quadragesimae‚

257 1953 411 2013 ἱοζῗιῗὲ
478 1968 605 2011 Scoti
640 1968 840 2011 latentes
870 1968 917 2010 iu
955 1966 1134 2010 insidiis
1168 1965 1398 2008 Joannem
1433 1963 1491 2007 de
1528 1963 1747 2019 Segrave,

262 2020 462 2085 ἕὲῗὲξῗηιῗ
478 2048 582 2077 cum
615 2035 774 2091 paucis
805 2035 997 2077 armatis
1028 2041 1342 2077 transeuntem
1367 2031 1511 2087 juxta
1543 2035 1745 2075 castrum

259 2087 449 2148 wia*
478 2102 601 2157 quod
626 2101 795 2144 dicitur
820 2100 1104 2151 Puellarum,
1131 2100 1286 2142 subito
1312 2099 1609 2151 invaserunt·
1644 2110 1748 2154 per-

259 2155 419 2181 'm‘
478 2169 737 2224 emptisque
774 2167 881 2211 hinc
924 2167 1029 2210 inde
1077 2166 1326 2217 nonnullis,
1369 2163 1497 2208 Scoti
1541 2163 1751 2208 multitu-

477 2235 587 2279 dine
617 2235 940 2291 praevalentes,
975 2240 1197 2290 ceperunt
1230 2233 1413 2288 aliquos
1447 2231 1618 2275 milites
1646 2229 1747 2275 An·

478 2303 641 2358 glieos,
682 2303 803 2345 inter
845 2315 964 2358 quos
1003 2307 1052 2345 et
1091 2301 1243 2356 ipsum
1280 2299 1512 2343 Ioannem
1552 2297 1748 2344 aliorum

477 2370 767 2425 capitaneum
821 2369 1027 2423 graviter
1074 2367 1396 2411 vulneratum:
1455 2364 1538 2408 sed
1588 2377 1751 2421 super-

478 2437 715 2479 venientes
748 2435 915 2479 milites
957 2435 1036 2478 alii
1075 2434 1133 2478 de
1177 2433 1385 2478 exercitu
1429 2431 1750 2487 Anglicorum,

475 2502 627 2559 ipsum
658 2502 890 2546 Joannem
928 2515 958 2545 a
988 2501 1084 2545 suis
1122 2506 1329 2557 ereptum
1361 2498 1634 2543 custodibus
1666 2498 1748 2542 ab·

526 2664 536 2686 ¹
558 2666 748 2699 ‘custodie
772 2662 881 2706 suns
907 2666 959 2699 Μ.
977 2668 1009 2698 et
1031 2664 1094 2699 Ar.
1175 2661 1191 2685 ⁸
1211 2663 1296 2696 Thi·
1310 2661 1406 2695 word
1433 2662 1463 2695 Ι·
1485 2661 1569 2695 fio-
1588 2661 1653 2696 Ar.
1674 2665 1755 2697 D.

476 2716 555 2746 m.
1133 2711 1214 2744 Coa.
1234 2711 1319 2752 ηις.
1334 2709 1398 2742 lias
1411 2710 1423 2728 ⁶
1434 2706 1629 2743 Seu-dm·

504 2806 510 2813 ι
525 2758 539 2777 ’
559 2762 569 2777 ⁸
582 2760 825 2816 Colum
835 2758 1003 2801 quondam
1022 2768 1095 2792 ear-
1267 2805 1274 2812 ι

476 2805 631 2846 diade-3
662 2806 710 2838 M.
1177 2801 1621 2836 ‘numeni-nunu.

1919 2221 1930 2275 ἰ-
1922 2140 1930 2207 4,.-
1921 2042 1930 2132 .-—.¹
