1930 3172
204 2397 266 2524 525?

253 2472 304 2524 εὲ

265 2398 346 2457 ’Ξ

305 2438 365 2529 ,3²⁹

413 207 503 251 26⁴
893 222 989 254 mc.
1010 221 1207 255 ‘raivs‘ri

417 323 683 367 Gilebertus
720 325 889 368 milites
927 325 1103 369 nobiles
1137 325 1195 368 de
1236 324 1466 376 Mamilia,
1495 337 1692 382 quorum

416 403 558 447 supra
585 391 709 434 sacta
740 399 812 435 est
845 393 1034 444 mentio,
1063 405 1182 448 quos
1206 392 1307 448 jam
1339 404 1494 435 comes
1518 392 1693 448 Symon

416 457 569 501 edicto
602 458 784 514 publico
819 472 1011 514 reguum
1036 472 1263 502 evacuare
1287 459 1510 515 jusserat.
1540 471 1697 504 accor-

416 525 533 567 sitos
563 524 734 568 soedere
766 526 856 568 sibi
878 526 1052 582 Jungit.
1124 522 1389 569 'Auxerunt
1423 538 1581 569 eorum
1615 538 1695 569 so·

417 591 629 634 cietatem
667 591 876 635 Joannes
917 592 975 635 de
1010 592 1248 636 Warenua
1286 593 1501 650 Surreyae
1529 598 1579 636 et
1603 590 1696 636 Sn-

417 658 579 709 sexiae,
613 664 660 701 et
703 658 966 701 willelmus
1008 659 1066 702 de
1108 659 1339 702 Valentiis
1374 658 1695 710 Peubrochiae.

417 725 627 776 comites,
650 725 696 767 iu
718 725 1027 768 occidentales
1058 732 1213 781 partes
1238 725 1425 769 Walliae
1455 738 1538 782 per
1566 738 1695 770 mare

417 789 614 842 devecti,
637 797 685 834 et
708 790 1010 834 Penbrocbiae
1033 791 1336 847 applicantes.

486 855 654 900 Comes
699 857 890 913 Symou,
940 871 1095 912 regem
1142 870 1300 902 secum
1333 858 1522 910 ducens,
1568 857 1695 903 Her-

418 922 612 966 sordiam
645 924 967 979 proficiscitur,
995 924 1192 967 collecta
1226 937 1365 968 mauu
1395 924 1551 968 valida
1577 937 1697 981 pro-

417 990 567 1033 dictos
623 990 791 1034 milites
845 997 1057 1046 potenter
1110 990 1361 1047 disponens
1419 991 1695 1048 opprimem-

420 1056 611 1100 1nterim
638 1070 720 1112 per
742 1057 967 1113 quosdam
986 1058 1272 1101 elaboratum
1293 1064 1366 1102 est
1388 1058 1624 1115 proelatos,
1642 1064 1697 1103 ut

417 1124 610 1169 comites
653 1123 916 1167 Leicestriae
959 1131 1007 1167 et
1045 1123 1311 1168 Gloveruiae
1348 1125 1408 1168 ad
1453 1125 1695 1181 pn‘stiuam

420 1190 748 1234 reducerentur
787 1191 1036 1243 unitatem3
1082 1191 1164 1234 sed
1203 1191 1316 1235 nibil
1357 1192 1581 1247 proficere
1610 1204 1695 1248 po-

419 1262 621 1300 tuerunt.
692 1257 816 1299 Dum
853 1264 1007 1300 autem
1046 1257 1146 1301 haec
1182 1264 1401 1313 aguntur,
1441 1257 1698 1302 Edwardus

420 1322 542 1366 filius
587 1324 710 1379 regis
756 1325 802 1367 in
846 1331 1001 1367 castro
1046 1323 1309 1367 Hersordiae
1351 1325 1439 1368 sub
1482 1324 1696 1369 custodia

418 1390 651 1441 detentus,
689 1404 912 1446 equorum
951 1404 1089 1433 cursu
1129 1404 1181 1433 se
1217 1404 1433 1435 exemere
1470 1392 1518 1435 iu
1558 1396 1696 1448 prato

418 1457 618 1512 quodam
660 1463 798 1500 extra
841 1457 1000 1499 urbem
1042 1470 1073 1500 a
1106 1457 1375 1500 custodibus
1416 1458 1700 1514 permittitur

420 1524 573 1577 gratia
609 1523 871 1579 spatiandi3
915 1524 995 1579 qui
1034 1524 1227 1567 tentatis
1264 1524 1474 1579 pluribus
1509 1530 1559 1568 et
1590 1537 1697 1569 cur·

421 1590 563 1632 reudo
582 1590 807 1645 fatigatis,
830 1590 1014 1646 tandem
1041 1602 1182 1633 uuum
1203 1604 1340 1646 quem
1363 1591 1560 1635 electum
1581 1592 1698 1636 scio-
1735 1645 1741 1651 .

423 1657 503 1699 bat
542 1657 797 1699 ascendens
831 1641 1117 1700 dextrarium
1158 1670 1421 1714 urgensque
1456 1671 1561 1702 eum
1601 1657 1698 1702 cal-

421 1724 620 1774 caribus,
670 1723 940 1767 custodibus
982 1724 1224 1775 valedixit,
1276 1725 1567 1780 transitoque
1610 1723 1698 1768 flu-

421 1790 544 1832 mine
582 1790 706 1844 quod
746 1790 865 1845 Wey
901 1790 1086 1841 dicitur,
1126 1803 1231 1833 cum
1260 1790 1441 1834 duobus
1475 1790 1700 1835 militibus

422 1862 471 1899 et
502 1862 704 1911 quatuor
730 1856 963 1899 scutiferis
989 1857 1215 1911 propositi
1251 1858 1324 1900 sui
1354 1858 1567 1910 consciis,
1598 1870 1699 1902 ver-

422 1935 503 1964 sus
548 1928 751 1965 castrum
797 1922 855 1965 de
899 1922 1172 1977 Wiggemor
1215 1922 1373 1978 dirigit
1412 1924 1502 1967 iter
1545 1937 1699 1967 sunm.

426 1988 729 2043 Insequentes
771 2001 881 2031 vero
919 2002 1024 2031 eum
1064 1989 1297 2040 custodes,
1334 2002 1438 2033 cum
1475 1990 1701 2035 vidissent

425 2055 600 2098 vexilla
637 2055 924 2098 dominorum
964 2055 1140 2110 Rogeri
1179 2056 1238 2099 de
1282 2055 1613 2100 Mortuo-mari
1650 2063 1700 2101 et

426 2121 602 2176 Rogeri
636 2121 694 2165 de
737 2121 945 2173 Clifl'ord,
985 2122 1214 2165 Edwardo
1247 2123 1295 2165 in
1331 2123 1499 2166 salutis
1538 2123 1700 2179 praeai-

424 2188 548 2230 dium
593 2189 949 2241 occurrentium,
999 2188 1149 2231 delusi
1197 2189 1494 2233 Herfordiam
1548 2202 1702 2234 rever-

426 2261 600 2298 tuntur.
673 2255 869 2298 Factum
899 2261 971 2298 est
990 2255 1116 2298 istud
1146 2257 1194 2298 iu
1221 2255 1510 2300 bebdomada
1533 2256 1702 2300 Ponto-

424 2327 591 2371 costes,
630 2322 825 2364 consilio
866 2328 915 2365 et
948 2322 1178 2365 industria
1218 2322 1414 2366 militum
1454 2323 1701 2379 praedicto-

425 2400 543 2431 rum.
613 2387 871 2431 Edwardus
922 2388 1067 2443 igitur
1117 2402 1146 2431 a
1198 2389 1413 2433 custodia
1462 2389 1702 2443 liberatus,

424 2454 688 2497 coadunato
717 2454 926 2497 exercitu
963 2467 1150 2508 magno,
1182 2455 1340 2499 multis
1368 2456 1428 2499 ad
1458 2469 1564 2500 eum
1593 2469 1702 2500 con-

426 2519 691 2572 fluentibus,
727 2521 977 2564 comitatus
1011 2521 1703 2578 Hersordeusem,Wigornien-

424 2600 538 2638 sem,
573 2587 907 2643 Salopieusem,
948 2587 1239 2630 Cesti-ensem
1286 2602 1383 2632 suae
1430 2590 1550 2645 parti
1590 2602 1701 2633 cou-

827 2743 835 2762 ¹
859 2747 869 2763 ⁴
883 2745 1064 2778 Duxertmt
1077 2742 1100 2784 ς’
1117 2745 1167 2778 Μ.
1184 2748 1215 2778 et
1231 2746 1295 2779 Ar.
