1930 3172
412 235 502 280 2⁷6
891 249 987 281 mc.
1018 248 1215 281 ‘raivs‘rn

194 362 397 389 now-²0¹·-
484 352 704 397 Exercitu
731 366 841 397 vero
869 354 927 397 de
950 360 1098 398 morte
1132 355 1254 410 regis
1284 354 1531 411 plurimum
1561 354 1695 398 deso-

194 429 369 458 curbunnu
416 420 528 472 lato,
565 422 833 477 supervenit
869 421 1069 465 Carolus
1102 435 1185 465 rex
1226 421 1412 470 Siciliae,
1439 434 1577 477 quem
1610 433 1692 464 rex

418 487 700 531 Francorum
741 488 891 531 adhuc
929 489 1090 532 vivens
1123 489 1294 532 fecerat
1331 488 1561 531 accersiri.
1632 487 1694 532 Bt

414 567 517 598 cum
570 554 718 598 multo
767 554 922 610 plures
972 555 1237 599 viderentur
1285 555 1504 599 Saraceni
1550 566 1692 611 quam

415 620 686 670 Christiani,
719 628 872 664 tamen
907 622 1170 665 nullatenus
1205 622 1305 665 ausi
1333 628 1443 665 sunt
1469 621 1590 666 bello
1614 634 1692 676 go-

417 688 561 731 nerali
610 688 803 743 aggredi
859 687 1168 740 Christianos,
1214 689 1294 731 sed
1343 702 1425 744 per
1467 687 1691 745 quasdam

416 755 615 797 astutias
638 755 785 797 multa
814 754 881 796 eis
908 755 1199 798 incommoda
1221 755 1492 798 inserebant.
1561 754 1695 799 Inter

417 821 512 863 alia
545 820 684 871 enim,
721 834 825 863 cum
864 822 992 875 regio
1029 821 1093 864 sit
1131 822 1326 865 multum
1368 821 1604 874 sabulosa,
1645 827 1695 867 et

417 895 623 943 tempore
661 887 886 931 siccitatis
929 888 1172 943 plurimum
1220 888 1484 943 pulverosa,
1518 892 1695 932 statuo-

419 960 527 998 runt
549 954 768 997 Saraceni
791 954 925 1010 plura
957 953 1101 997 millia
1127 954 1363 999 hominum
1392 967 1535 1011 super
1561 967 1693 999 mon·

419 1027 511 1064 tem
537 1034 679 1064 unum
707 1021 984 1064 Christianis
1006 1021 1224 1073 vicinum,
1252 1027 1316 1072 et,
1340 1028 1392 1065 ut
1414 1027 1583 1065 ventus
1609 1021 1696 1066 fla-

420 1094 490 1131 ret
509 1088 567 1131 ad
600 1094 778 1143 partem
802 1088 1187 1140 Christianorum,
1208 1088 1422 1131 sabulum
1456 1093 1694 1133 moventes

419 1154 653 1210 pulverem
685 1156 987 1206 suscitarunt,
1009 1156 1089 1210 qui
1119 1156 1310 1198 multam
1338 1155 1595 1199 molestiam
1623 1155 1694 1199 ln-

199 1238 271 1267 no.
285 1244 345 1270 1,oe-
419 1222 526 1265 tulit
566 1222 870 1274 Christianis;
906 1221 986 1264 sed
1027 1222 1212 1265 tandem
1244 1222 1435 1278 pulvere
1475 1234 1558 1278 per
1590 1221 1694 1278 plu·

197 1271 398 1333 ῐῗιᾞέἷζηι..
417 1289 539 1331 viam
563 1288 744 1339 sedato,
766 1288 1037 1339 Christiani,
1069 1290 1247 1344 paratis
1273 1288 1499 1332 machinis
1529 1294 1580 1332 et
1610 1302 1692 1333 va-

417 1355 497 1398 riis
537 1356 871 1406 instrumentiS,
909 1355 1154 1398 Tunicium
1200 1369 1282 1411 per
1319 1361 1488 1399 terram
1521 1360 1571 1400 et
1611 1369 1695 1412 per

416 1435 542 1465 mare
568 1435 839 1477 oppugnare
858 1422 1125 1477 disponunt.
1161 1422 1299 1474 Quod
1326 1421 1531 1466 videntes
1550 1421 1691 1467 Sara-

414 1490 517 1532 ceni
537 1494 677 1544 pacta
700 1502 804 1531 cum
831 1488 1110 1531 Christianis
1139 1489 1354 1539 inierunt,
1390 1488 1694 1534 concedentes

417 1562 468 1598 nt
488 1568 649 1599 omnes
679 1555 933 1598 Christiani
967 1554 1015 1597 in
1049 1568 1192 1610 regno
1226 1555 1307 1599 illo
1339 1555 1531 1611 captivi,
1561 1554 1693 1600 liberi

414 1622 787 1674 dimitterentur3
830 1627 878 1665 et
904 1621 1046 1677 quod,
1076 1622 1276 1665 conditis
1310 1622 1603 1667 monasteriis
1630 1622 1690 1668 ad

414 1690 635 1732 honorem
676 1689 851 1732 Christi
899 1690 946 1732 in
993 1689 1205 1732 omnibus
1250 1689 1517 1732 civitatibus
1561 1690 1691 1745 regni

414 1756 555 1808 illius,
586 1756 700 1798 fides
736 1755 910 1799 Christi
946 1769 1029 1811 per
1060 1755 1226 1799 fratres
1267 1755 1605 1799 Praedicatores
1643 1762 1693 1805 et

414 1822 642 1874 Minores,
662 1829 710 1866 et
732 1835 816 1878 per
833 1821 950 1865 alios
967 1834 1283 1877 quoscunque,
1303 1822 1445 1866 libere
1468 1822 1692 1879 proedioe-

195 1901 359 1927 conclude·
415 1894 508 1941 tur,
531 1895 580 1932 et
603 1888 812 1932 volentes
839 1888 1064 1943 baptizari
1086 1888 1228 1932 libere
1249 1889 1568 1943 baptizentur:
1598 1889 1690 1933 sic·

196 1969 306 1995 ..m-1
415 1969 506 2011 que
526 1955 693 1999 solutis
715 1968 874 2009 regum
903 1955 1138 2010 expensis,
1167 1960 1214 1998 et
1238 1968 1348 2010 rege
1377 1955 1563 1999 Tunicii
1592 1956 1691 2012 regi

415 2023 586 2066 Siciliae
614 2022 739 2065 sacto
763 2022 1023 2073 tributario,
1044 2022 1222 2075 treugis
1244 2035 1471 2065 annorum
1491 2022 1689 2078 plurium

416 2090 664 2139 concessis,
690 2101 901 2131 reversus
920 2095 991 2131 est
1011 2088 1243 2131 exercitus
1266 2088 1571 2132 Christianus.

199 2169 328 2197 uma.
486 2155 740 2199 Edwardus
776 2155 897 2198 filius
928 2156 1051 2210 regis
1086 2154 1272 2210 Angliae
1303 2160 1409 2211 post
1446 2156 1692 2203 transitum

196 2203 365 2300 ffitm
415 2223 462 2265 in
487 2222 685 2274 Gallias,
705 2222 765 2265 ad
790 2221 1182 2277 Aquas-mortuas
1212 2222 1501 2277 perveniens,
1530 2227 1581 2267 et
1604 2223 1693 2268 ibi-

415 2289 518 2333 dem
553 2290 749 2333 navibus
776 2302 828 2332 se
851 2289 1160 2339 committens,
1181 2288 1338 2331 decem
1358 2289 1536 2332 dierum
1559 2290 1692 2335 nsvi-

415 2358 604 2410 gatione
631 2356 878 2399 Tunicium
913 2357 1139 2411 pervenit,
1170 2355 1422 2411 salvusque
1451 2369 1556 2400 cum
1590 2362 1694 2401 tota

414 2436 502 2466 sua
538 2422 765 2478 applicuit
798 2422 1033 2465 comitiva.
1102 2421 1176 2465 Ac
1217 2422 1325 2465 inde
1367 2435 1478 2478 rege
1521 2422 1692 2468 Siciliae

415 2490 682 2544 navigante,
708 2489 817 2532 illuc
854 2488 1222 2544 periclitantibus
1255 2489 1389 2544 gravi
1417 2495 1693 2546 tempestato

414 2557 613 2599 navibus
643 2556 867 2611 pluribus,
902 2556 1231 2611 submersoque
1260 2555 1478 2599 thesauro
1505 2556 1565 2600 de
1593 2556 1692 2601 Tu·

197 2636 345 2663 ..mm-2
414 2624 536 2666 nicio
573 2623 733 2674 allato,
766 2621 1039 2673 Edwardus,
1070 2621 1308 2665 licentiato
1347 2622 1691 2678 consanguineo

414 2703 500 2732 suo
547 2690 753 2732 Henrico
788 2689 845 2732 de
887 2688 1178 2739 Alemannia,
1222 2688 1407 2732 volente
1456 2689 1605 2733 redire
1639 2690 1690 2734 in

416 2755 650 2812 Angliam,
690 2756 791 2799 vela
828 2768 915 2799 sua
952 2754 1123 2799 direxit
1162 2756 1208 2798 in
1245 2755 1438 2808 Achon;
1484 2755 1690 2813 illucque
