1930 3172
1661 0 1930 106 w

470 204 557 250 192
943 219 1040 251 κιο.
1078 219 1274 252 vulvirri

467 337 697 375 reversus,
730 325 957 380 privatam
983 325 1125 368 vitam
1158 332 1258 369 toto
1288 339 1391 369 aevo
1416 339 1502 370 suo
1531 326 1669 372 duxit
1693 327 1744 372 in

465 390 654 443 ducatu,
702 393 782 447 qui
830 393 916 435 sibi
960 392 1067 448 jure
1113 392 1391 436 hereditario
1435 394 1743 450 competebat.

464 457 672 500 Tandem
712 458 988 514 dysenteriae
1024 459 1184 502 morbo
1215 459 1447 510 laborans,
1476 461 1745 506 convocati·

463 525 693 580 episcopis
732 525 917 581 alioque
946 525 1087 576 clero,
1125 526 1351 569 instanter
1384 539 1488 570 cum
1525 527 1743 585 lacrymis

463 591 798 634 absolutionem
840 605 980 647 super
1019 605 1107 635 sua
1141 593 1388 636 rebellione
1426 594 1558 649 petiit
1589 599 1639 638 et
1667 606 1744 639 ao-

462 659 600 712 cepit.
672 658 811 701 Miles
846 658 1034 713 quidam
1066 658 1309 713 Anglicus.
1346 660 1498 703 dictus
1534 659 1744 705 Joaunea

461 724 519 766 de
553 724 815 775 Bonavilla,
846 725 924 779 qui
956 725 1045 767 sub
1074 726 1165 768 isto
1187 725 1371 768 Othone
1393 726 1601 782 pluribus
1620 727 1742 772 mili·

462 795 644 833 taverat
666 792 815 839 annis,
839 804 964 848 saepe
987 790 1045 833 de
1066 791 1146 834 illo
1174 804 1277 835 cum
1303 805 1474 847 magna
1493 793 1742 839 devotione

462 857 631 900 referre
652 857 848 906 solebat,
863 857 987 911 quod
1006 870 1109 899 cum
1131 858 1334 900 instante
1358 864 1505 902 morte
1522 859 1739 904 viaticum

461 924 664 979 recipere
684 923 820 981 (quia
839 923 950 967 nihil
975 924 1171 967 retinere
1190 923 1398 981 poterat)
1420 938 1512 969 non
1534 925 1742 979 auderet,

463 995 615 1033 tamen
634 1004 805 1047 corpus
824 990 1031 1034 Cunisvi
1050 991 1107 1033 ad
1125 991 1394 1035 instantiam
1418 991 1537 1048 ejus,
1558 993 1739 1038 utillud

461 1057 654 1108 videret,
699 1058 892 1100 allatum
942 1057 1175 1100 humiliter
1217 1058 1466 1103 adoravit:
1523 1054 1592 1103 'et
1632 1073 1739 1104 cum

460 1125 594 1179 quasi
639 1124 990 1180 amplexaturus
1038 1123 1236 1167 brachiis
1281 1125 1519 1180 expansis,
1564 1125 1740 1172 nudato

460 1192 633 1246 pectori
660 1192 1024 1246 approximaret,
1056 1190 1208 1233 hostia
1239 1191 1319 1234 illa
1351 1192 1395 1234 in
1428 1192 1531 1236 loeo
1560 1193 1740 1238 ubicor

460 1256 615 1308 latuit,
633 1258 788 1301 subito
807 1258 930 1301 sacta
946 1263 1181 1313 apertura,
1204 1257 1397 1301 intravit
1416 1258 1658 1314 prosiliens
1678 1260 1738 1304 de

461 1324 672 1367 manibus
711 1324 981 1374 sacerdotis,
1025 1330 1072 1367 et
1117 1324 1292 1379 absque
1338 1325 1462 1367 omui
1507 1326 1737 1371 cicatricis

461 1391 658 1444 vestigio
704 1391 911 1434 reclusus
950 1397 1020 1433 est
1071 1390 1216 1442 locus,
1263 1391 1423 1447 sicque
1462 1391 1740 1438 decumbens

459 1457 670 1511 spiritum
693 1457 906 1500 reddidit.

530 1523 801 1567 Fredericus
831 1523 1002 1567 Siciliae
1029 1538 1128 1575 rex,
1158 1525 1238 1580 qui
1268 1523 1350 1567 'ad
1378 1524 1561 1581 jussum
1593 1525 1737 1572 Iuno·

456 1591 596 1633 centii
646 1604 779 1646 papae
823 1591 1083 1651 Maguntioe
1128 1591 1174 1634 iu
1221 1604 1374 1645 regem
1419 1591 1735 1638 Romanorum

456 1656 607 1700 fuerat
637 1663 901 1708 coronatus,
932 1657 1093 1700 audita
1123 1658 1235 1712 suga
1259 1657 1460 1701 Othonis
1489 1659 1614 1715 apud
1644 1660 1739 1706 Bo-

456 1723 604 1774 vinas,
634 1724 831 1767 collecto
866 1724 1072 1767 exercitu
1105 1723 1163 1766 de
1195 1725 1405 1779 partibus
1442 1724 1625 1770 snoviae
1657 1727 1735 1771 ubi

455 1795 565 1832 tunc
587 1791 871 1840 morabatur,
895 1789 1242 1845 Aquisgranum
1271 1791 1524 1843 contendit,
1549 1797 1599 1836 et
1618 1793 1734 1837 civi·

453 1861 596 1898 tatem
618 1857 834 1899 obsidens
854 1856 1038 1899 tandem
1055 1857 1205 1911 cepit;
1236 1863 1283 1899 et
1308 1857 1355 1899 in
1380 1857 1540 1901 eadem
1564 1863 1734 1904 octavo

453 1922 670 1965 calendas
703 1923 904 1978 Augusti
944 1924 989 1965 in
1024 1936 1177 1977 regem
1212 1922 1528 1967 Romanorum
1564 1925 1732 1970 iterum

452 1996 718 2033 coronatur.

519 2055 727 2099 Joannes
756 2070 837 2099 rex
863 2057 1049 2111 Angliae
1080 2070 1170 2100 una
1204 2070 1307 2099 cum
1343 2058 1588 2101 comitibus
1620 2056 1734 2102 Cea-

372 2100 413 2156 ιι-ί
453 2123 568 2171 triae,
610 2118 876 2180 'Derbeyae,
919 2123 1115 2178 aliisque
1152 2123 1399 2175 nobilibus,
1438 2136 1622 2168 crucem
1659 2137 1734 2169 ao-

450 2190 573 2244 cepit
590 2202 620 2232 a
640 2190 875 2233 Willelmo
893 2189 1205 2233 Londouiensi
1228 2190 1446 2246 episcopo
1467 2191 1514 2234 iu
1534 2189 1733 2236 ecclesia

450 2254 499 2298 S.
524 2255 691 2307 Pauli;
724 2270 885 2299 verum
906 2257 1182 2299 adversante
1204 2256 1390 2299 fortuna
1415 2270 1507 2300 nou
1538 2257 1669 2301 licuit
1689 2257 1734 2302 ei

452 2328 546 2364 tam
577 2323 679 2366 utili
711 2336 878 2366 vacare
909 2323 1165 2379 proposito,
1197 2322 1545 2378 insurgentibus
1569 2330 1735 2369 contr·

450 2401 553 2431 eum
577 2389 827 2432 baronibus
857 2390 955 2432 suis
986 2395 1093 2445 post
1125 2389 1325 2441 Pascha,
1354 2403 1411 2433 eo
1439 2390 1564 2446 quod
1594 2390 1732 2435 liber·

453 2461 574 2497 tates
610 2461 657 2498 et
685 2455 798 2511 Jura
833 2457 893 2498 ab
923 2469 979 2499 eo
1017 2456 1179 2511 petita,
1213 2462 1262 2499 et
1298 2460 1350 2499 ut
1381 2456 1594 2500 dicebant
1629 2470 1733 2513 pno-

452 2522 609 2572 missa,
624 2518 734 2564 ‘non
755 2522 1028 2578 persolverit
1045 2534 1129 2564 nec
1151 2522 1412 2577 impleverit
1432 2523 1479 2566 in
1497 2523 1731 2568 effectum:

499 2654 508 2674 ¹
536 2652 649 2689 Hall's
659 2656 874 2690 mndation
887 2668 896 2689 :
911 2652 1075 2698 ‘etunius
1156 2654 1171 2675 ⁸
1190 2657 1201 2675 ⁴
1219 2656 1335 2697 Der-by
1350 2654 1369 2697 ;“
1386 2656 1439 2690 Μ.

452 2704 533 2735 σαί.
554 2703 639 2744 Reg.
1158 2701 1289 2735 “uon
1321 2703 1495 2745 persolvit,
1523 2704 1732 2750 nel-plo-

497 2748 511 2767 ¹
530 2750 540 2767 ‘
548 2750 649 2790 jussu
666 2746 686 2787 ς’
704 2749 755 2782 Μ.
772 2749 877 2783 etAr.
1111 2749 1236 2788 verat;'
1251 2750 1319 2783 BL:
1335 2751 1347 2769 ⁴
1360 2750 1412 2783 vel
1425 2747 1650 2792 inpium?
1666 2751 1730 2787 Ar.
