1930 3172
227 1488 335 1510 σσσσσσ

432 220 522 266 248
652 256 663 267 .
917 231 1015 264 mc.
1038 231 1236 265 waiva-ri

437 338 656 383 trecentis
681 337 886 382 millibus
912 336 1132 381 librarum
1156 336 1502 381 Turonensium
1527 333 1721 395 'parva-

438 418 554 458 rum,
583 405 901 461 promissaque
929 404 1221 448 restitutione
1249 411 1474 448 terrarum
1506 404 1567 449 ad
1590 404 1719 449 valo-

438 485 531 515 rem
553 473 721 527 viginti
745 470 939 514 millium
958 471 1179 514 librarum
1202 472 1347 514 annui
1370 483 1555 524 census,
1570 470 1720 516 omni·

439 540 525 582 bus
546 539 684 582 terris
707 538 752 581 in
775 550 912 580 manu
942 537 1066 592 regis
1099 537 1383 581 Francorum
1412 537 1722 582 existentibus

440 605 694 659 resignavit
725 604 859 660 plene
892 609 940 647 et
972 616 1102 659 pure.
1176 603 1237 648 Et
1266 604 1434 648 exinde
1462 605 1720 650 litterarum

438 684 626 714 suarum
657 667 970 713 'abbreviavit
994 669 1198 720 titulum.
1227 677 1282 714 ut
1302 683 1387 715 uec
1405 671 1571 715 ducem
1595 669 1722 715 Nor·

442 738 657 787 mannioe,
693 749 778 779 nec
811 736 1026 779 comitem
1067 736 1374 791 Andegaviae,
1413 737 1631 794 deincep·
1667 750 1721 782 ue

443 810 646 846 vocaret.
717 802 991 845 Mansredus
1023 802 1145 845 filius
1179 802 1409 847 Frederici
1445 816 1497 847 se
1530 802 1642 848 feeit
1671 803 1721 848 in

443 882 595 924 regem
638 869 810 912 Siciliae
856 869 1085 920 coronari,
1127 869 1309 924 nepotis
1353 870 1427 912 sui
1470 868 1722 914 Conradhi

442 943 590 979 morte
618 936 844 979 conficta:
877 948 1014 990 quem
1037 948 1161 991 papa
1183 935 1468 988 Alexander,
1497 942 1722 992 tanquam

444 1003 574 1057 regni
604 1004 879 1050 invasorem,
912 1001 1233 1058 fautoremque
1264 1002 1617 1053 Saracenorum.
1639 1014 1723 1047 ox·

442 1070 822 1118 communicavit,
850 1069 1067 1123 omnique
1098 1068 1273 1112 honore
1294 1075 1343 1112 et
1365 1069 1595 1125 dignitate
1615 1081 1723 1114 aen·

444 1138 590 1179 tentia
605 1135 819 1191 judiciali
840 1135 1058 1191 privavit.

779 1255 809 1280 P.
828 1255 1045 1280 ΙΟΙΑΙΟΙΟΙ
1064 1256 1098 1281 Ι».
1238 1257 1443 1283 raa-002⁰!
1510 1257 1696 1283 mmu-

698 1314 892 1339 Auxanum
910 1315 955 1340 tv·
1030 1315 1167 1340 ΙΙΩΑΙΒΙ
1238 1316 1393 1341 muoth
1409 1316 1456 1342 lx.
1493 1316 1635 1342 11·Ιωὶ
1652 1315 1704 1342 m.

513 1444 821 1488 Juswrunn
859 1447 980 1501 regis
1016 1447 1202 1502 Angliae
1232 1450 1313 1504 qui
1342 1449 1560 1493 dicuntur
1589 1450 1725 1495 itine-

448 1511 527 1562 ris,
543 1512 670 1554 missi
693 1511 1016 1555 Heresordiam
1039 1527 1123 1570 pro
1139 1527 1225 1557 suo
1239 1515 1538 1572 exsequendo
1557 1514 1724 1572 officio,

448 1578 764 1633 repelluntur3
802 1578 1112 1635 allegantibus
1142 1580 1230 1634 his,
1265 1583 1344 1638 qui
1375 1582 1472 1638 regi
1504 1582 1724 1628 adversa·

449 1644 631 1695 bantur,
662 1645 789 1700 ipsos
822 1644 986 1690 contra
1015 1646 1206 1691 sormam
1240 1648 1566 1693 Provisionum
1595 1649 1726 1695 Oxo-

448 1711 536 1753 nioe
573 1724 719 1766 nuper
747 1711 973 1756 factarum
1005 1714 1200 1758 venisse.
1272 1715 1527 1759 Florentiui
1557 1716 1727 1761 coadu-

450 1778 545 1820 nati
579 1785 629 1820 ut
659 1778 896 1821 civitatem
929 1779 1174 1823 Senensem
1209 1782 1516 1833 destruerent,
1548 1795 1579 1826 a
1604 1783 1726 1827 mili·

450 1844 573 1894 tibus
613 1843 843 1887 Mansredi
882 1853 930 1888 et
965 1846 1176 1890 Jordano
1209 1849 1393 1899 comite,
1430 1850 1511 1903 qui
1545 1854 1724 1905 partem

450 1909 566 1953 fovit
589 1909 836 1962 Mansrcdi,
859 1913 1133 1965 vincuntur;
1168 1920 1398 1971 captaque
1423 1928 1581 1958 eorum
1610 1916 1725 1959 civi-

449 1981 546 2019 tate
580 1982 629 2019 et
666 1978 711 2019 in
750 1984 883 2033 parte
923 1978 1177 2031 destructa,
1216 1981 1305 2036 ipsi
1344 1981 1548 2025 dominio
1580 1982 1722 2040 subji-

447 2044 632 2086 ciuntur
671 2044 941 2087 Senensium
985 2052 1032 2088 et
1079 2045 1325 2091 Manfredi.
1396 2047 1527 2091 Inter
1567 2061 1723 2103 regem

453 2109 674 2164 Ungariae
707 2116 753 2153 et
779 2110 981 2154 Boemiae
1011 2125 1094 2167 pro
1122 2114 1397 2169 quibusdam
1423 2115 1559 2158 terris
1579 2127 1724 2170 grave

448 2177 742 2219 commissum
781 2183 854 2221 est
890 2178 1116 2234 praelium,
1153 2179 1527 2237 fugientibusque
1560 2181 1723 2238 Unga·

450 2243 529 2285 riis
560 2242 743 2298 plurimi
773 2244 831 2287 de
860 2245 928 2287 eis
958 2245 1229 2290 occiduntur
1250 2247 1436 2301 gladi03
1466 2247 1547 2292 sed
1577 2249 1724 2294 multo

450 2309 605 2364 plures
644 2310 1005 2365 submerguntur
1049 2313 1096 2355 in
1144 2312 1303 2366 fluvio,
1344 2328 1480 2371 quem
1527 2316 1725 2360 munire

446 2375 652 2431 oportuit
678 2376 923 2431 fugientes,
995 2377 1163 2434 Itaque
1187 2394 1295 2435 rege
1328 2381 1531 2425 Boemiae
1563 2381 1727 2438 Unga-

448 2442 559 2484 riam
592 2443 809 2495 intrante,
835 2457 914 2487 rex
946 2444 1255 2500 Ungariorum
1297 2453 1445 2491 terras
1474 2454 1725 2505 usurpatas

447 2509 695 2551 restituens
734 2523 893 2565 pacem
934 2510 1059 2563 fecit,
1093 2519 1141 2555 et
1171 2513 1400 2558 mediante
1431 2514 1723 2560 matrimonio

446 2575 673 2618 amicitias
693 2576 740 2619 in
762 2576 965 2619 futurum
989 2578 1203 2622 firmavit.

494 2675 503 2696 ¹
527 2676 761 2719 ‘pat-vorum?
788 2680 870 2713 ced.
889 2680 998 2722 Rem:
1020 2685 1073 2713 ‘et
1108 2681 1182 2715 MS.
1198 2693 1241 2715 on
1259 2683 1315 2716 the
1331 2683 1724 2720 alteratio-otthonum

447 2733 524 2762 gros
539 2724 709 2758 Tournais
728 2726 883 2767 Englays
897 2737 940 2768 qe
956 2727 1071 2760 valent
1107 2729 1140 2760 in
1161 2729 1217 2761 the
1239 2731 1319 2762 ume
1341 2730 1380 2762 of
1400 2731 1548 2765 ΕΔΜ
1565 2731 1610 2773 1.,
1631 2733 1722 2775 apud

447 2775 654 2810 wmyment
665 2777 805 2812 quatere
818 2774 1017 2814 enies-linge·
1028 2784 1069 2806 en
1110 2775 1278 2817 Lanatuss,
1290 2787 1323 2817 p.
1335 2780 1411 2809 288.

446 2816 565 2849 achate
580 2822 613 2849 et
632 2823 707 2850 vent
719 2816 739 2856 ς’
770 2820 922 2859 neme,
943 2821 1026 2853 fmu-
1050 2833 1069 2854 ιι
1153 2820 1166 2839 ²
1187 2827 1196 2840 ⁴
1209 2821 1403 2862 aliz-navim*
1422 2824 1471 2856 Μ.
