1930 3172
171 1049 248 1076 John
261 1048 334 1075 lou·

174 1083 219 1109 his
233 1083 341 1109 Fmeb

387 231 473 275 166
869 239 965 272 mc.
986 237 1184 271 ‘reive-ri

387 348 485 391 suis
506 347 691 391 sedibus
713 345 998 390 exturbavit.
1071 342 1396 397 Ingeiburgem
1427 341 1569 384 etiam
1595 352 1665 385 ro-

388 416 561 470 ginam,
598 426 789 457 uxorem
826 425 960 455 suam
1000 406 1291 466 ‘legitimam
1330 409 1377 451 in
1414 413 1570 451 castro
1606 406 1667 451 do

388 483 603 538 Stampes
627 481 824 524 reciusit.
897 478 1069 522 Eodem
1100 477 1239 520 etiam
1261 488 1399 527 anno,
1426 475 1487 518 ab
1514 473 1663 519 omni·

388 550 476 592 bus
496 548 757 591 hominibus
779 546 908 602 regni
930 546 1003 588 sui
1033 545 1215 588 tertiam
1241 549 1420 599 partem
1440 542 1664 585 bonorum

389 617 584 671 accepit,
624 620 671 658 et
707 627 736 656 a
775 613 1080 668 burgensibus
1122 611 1391 654 exactiones
1429 613 1477 652 et
1509 607 1668 653 tallias

388 684 595 725 insuetas
614 681 826 724 extorsit.

1446 828 1634 855 amm-U.
1643 854 1650 859 ,

458 1037 684 1081 ΙοΑΝΝιιε
728 1049 811 1079 rex
847 1034 1012 1078 iterum
1053 1034 1101 1077 in
1148 1032 1482 1076 Normanniam
1522 1037 1672 1077 trans-

739 835 769 860 r.
786 833 1004 858 nou-norun
1022 833 1056 857 ι.
1190 830 1395 855 νιΑκοοιυιι

649 893 844 919 innocen-m
860 893 912 918 m.
945 874 1148 916 ἆῆὦκιιιν.
1193 890 1335 915 rutum
1351 890 1391 915 n.

349 1134 357 1141 -
393 1105 549 1156 sretat,
571 1105 691 1147 inter
716 1116 851 1159 quem
875 1108 923 1145 et
944 1114 1097 1156 regem
1123 1100 1406 1143 Francorum
1429 1100 1477 1142 in
1493 1098 1673 1144 Ascon-

391 1172 519 1215 sione
552 1171 760 1221 Donum,
791 1170 913 1212 inter
934 1167 1197 1211 vernonem
1220 1172 1269 1210 et
1290 1166 1489 1210 insulam
1513 1165 1671 1211 Ande·

392 1239 516 1289 liaci,
546 1238 593 1280 in
617 1236 881 1291 subscripta
900 1236 1048 1278 forma
1078 1247 1173 1290 pax
1195 1239 1243 1276 et
1262 1233 1510 1277 concordia
1531 1232 1672 1277 resor-

394 1311 617 1348 mantur:
667 1304 894 1346 restitutis
930 1315 1091 1357 nempe
1128 1301 1224 1355 regi
1259 1299 1445 1355 Anglioe
1481 1299 1673 1344 civitate

396 1371 594 1414 Ebroica
623 1384 728 1413 cum
765 1376 865 1412 toto
904 1369 1144 1419 comitatu,
1185 1366 1406 1419 castellis,
1452 1367 1589 1423 pagis
1625 1371 1675 1411 ot

363 1438 594 1495 ‚praediiffi
641 1450 745 1493 quae
786 1450 868 1479 rex
907 1435 1189 1478 Francorum
1229 1438 1538 1489 occupaverat
1573 1433 1674 1478 vio·

188 2578 234 2605 n·
246 2576 363 2604 nimie·

189 2611 309 2638 luten·
321 2610 352 2636 o(

190 2644 377 2678 Angoulssmo.

395 1505 570 1557 lenter3
607 1503 909 1560 praestitoque
932 1515 961 1545 a
985 1515 1093 1556 rege
1117 1500 1302 1555 Anglioe
1334 1500 1550 1555 homagio
1575 1500 1676 1556 roff

397 1571 700 1622 Francorum,
724 1575 771 1613 et
790 1569 937 1612 eidem
962 1568 1183 1611 fidelitate
1208 1568 1387 1624 jurata,
1413 1565 1676 1612 Isodovicus

395 1639 520 1693 regis
550 1638 832 1680 Francorum
864 1635 1200 1692 primogenitus
1229 1633 1428 1677 nobilem
1456 1633 1672 1690 puellam,

398 1705 622 1748 Blancam
676 1704 877 1754 nomine,
930 1699 1223 1745 ’Hildesonsi
1276 1701 1400 1756 regis
1456 1699 1676 1745 Castellae

397 1772 558 1823 filiam,
588 1771 709 1826 regis
732 1770 917 1825 Angliae
950 1782 1011 1812 ex
1042 1781 1199 1811 sorore
1225 1766 1447 1811 Alienora
1475 1772 1678 1824 neptem,

398 1838 578 1894 accepit
631 1850 840 1879 uxorem.
911 1835 999 1879 Cui
1052 1848 1136 1877 rex
1185 1833 1395 1877 Joannes
1448 1834 1679 1879 concessit

398 1918 558 1947 omnes
580 1904 858 1947 munitiones
888 1909 935 1946 et
963 1900 1292 1957 possessiones,
1324 1913 1354 1943 a
1386 1913 1494 1955 rege
1528 1899 1679 1944 Fran-

398 1984 557 2015 corum
604 1970 693 2013 sibi
734 1970 916 2013 noviter
961 1969 1237 2011 restitutas:
1288 1979 1496 2010 annuens
1538 1967 1678 2011 etiam

399 2038 547 2081 eidem
566 2050 724 2080 omnes
749 2043 897 2079 terras
918 2048 1044 2085 suas,
1077 2047 1196 2090 quas
1221 2033 1268 2076 in
1301 2046 1444 2089 reguo
1465 2033 1677 2078 Francia!

401 2105 604 2155 tenebat,
636 2109 742 2159 post
771 2102 1010 2146 decessum
1041 2114 1194 2151 suum,
1229 2100 1269 2143 si
1304 2101 1481 2157 absque
1512 2099 1679 2144 herede

400 2172 457 2214 de
481 2184 674 2227 corpore
706 2183 792 2213 suo
825 2169 1116 2223 contingeret
1142 2180 1245 2210 eum
1277 2167 1409 2211 mori.
1471 2166 1682 2212 Pil-mata

401 2238 521 2281 inter
551 2251 682 2292 reges
716 2250 830 2293 pace
865 2242 1006 2292 atque
1032 2233 1294 2285 concordia,
1319 2229 1573 2278 ’Arthurus
1601 2246 1681 2278 co·

401 2318 498 2347 mes
522 2305 776 2347 Britanniae
798 2309 964 2359 patruo
983 2315 1070 2345 suo
1090 2301 1119 2344 J
1125 2301 1265 2344 oanni
1283 2300 1391 2344 fecit
1413 2299 1680 2356 homagium

402 2385 486 2427 pro
516 2372 740 2414 comitatu
780 2369 1054 2420 Britannioe,
1090 2369 1169 2423 qui
1198 2372 1382 2423 spectat
1407 2366 1466 2410 ad
1495 2366 1679 2412 feodum

402 2438 599 2481 ducatus
625 2436 942 2487 Normannioe,
966 2439 1014 2478 et
1035 2434 1139 2477 aliis
1163 2434 1297 2477 terris
1319 2434 1434 2486 suis,
1465 2446 1583 2491 quas
1605 2432 1681 2478 vel

404 2505 450 2547 in
494 2503 670 2559 Anglia
711 2503 784 2546 vel
836 2503 883 2545 in
930 2500 1198 2557 Aquitaniae
1247 2500 1418 2544 ducatu
1466 2499 1680 2544 habebat.

407 2570 581 2614 Eodem
620 2583 742 2613 anno
774 2569 985 2613 Joannes
1015 2581 1097 2611 rex
1130 2581 1322 2610 uxorem
1361 2567 1542 2623 accepit
1577 2565 1682 2611 Isa-

455 2712 1025 2762 ¹‘legitimam'iswantinginD’A.
1108 2713 1328 2757 '‘Artum3'
1347 2714 1682 2759 cummianus-

452 2764 467 2787 ²
479 2766 621 2799 Alf->mo
638 2766 707 2799 111.
722 2765 763 2799 os
774 2764 916 2799 Castsse.
1060 2766 1132 2795 out.
