1930 3172
209 425 357 453 dimini-h.

426 227 513 271 182
898 241 993 273 mc.
1024 239 1223 272 ‘rnivsri

334 372 343 379 ·
427 346 554 399 gium
577 359 723 403 usque
747 347 926 400 Achon,
948 355 995 392 et
1016 349 1077 391 ibi
1103 348 1390 391 morantibus
1413 348 1459 391 in
1485 347 1704 392 tabernis.

429 412 562 466 Quos
585 427 688 457 cum
721 428 803 471 per
833 416 1155 459 mediationem
1177 416 1300 470 regis
1321 415 1551 458 Guidonis
1572 427 1710 459 revo-

428 492 534 524 care
564 494 656 524 non
689 488 859 537 posset,
885 495 967 526 rex
993 482 1223 526 Ricardus
1246 482 1304 525 ad
1329 483 1584 526 exercitum
1604 481 1708 538 ipse

427 546 538 590 illuc
559 549 809 604 profectus,
829 556 876 593 et
901 549 1213 593 efficacissime
1233 551 1421 592 verbum
1445 549 1619 593 faciens
1644 548 1704 593 ad

428 614 650 670 populum
690 615 748 659 de
778 616 868 659 fide
900 622 948 659 et
980 630 1063 672 spe
1107 630 1214 672 quoe
1252 617 1300 659 in
1344 616 1494 660 Dauu
1529 620 1619 667 est,
1658 621 1708 660 et

432 676 747 737 'peccatorum
779 682 1046 726 remissione
1076 682 1324 726 dummodo
1353 682 1583 739 peregrini
1607 682 1708 726 sue-

432 748 523 791 rint
554 762 644 791 non
675 749 787 800 ficti,
817 749 1182 806 quamplurimos
1209 750 1268 793 ab
1293 749 1459 794 Achon
1477 762 1624 807 usque
1643 749 1703 793 ad

428 810 632 871 'Joppen
656 828 811 859 secum
834 816 1035 859 reduxit.
1097 815 1206 870 Quo
1228 817 1367 860 etiam
1394 817 1579 871 reginas
1598 829 1703 860 cum

429 882 595 936 puellis
614 882 868 935 transtulit,
888 887 1064 938 septem
1086 883 1254 926 ibidem
1277 883 1335 926 ad
1358 882 1709 928 coadunandum

428 954 611 1002 gentem
632 963 923 993 commorans
944 950 1230 1006 septimanis.

496 1015 615 1059 Cum
639 1022 794 1060 autem
814 1017 889 1060 die
906 1017 1124 1072 quadam,
1141 1030 1246 1060 cum
1266 1016 1558 1072 paucissimis
1572 1016 1709 1061 fami-

429 1082 632 1133 liaribus,
656 1097 760 1127 cum
786 1084 1045 1127 falconibus
1079 1085 1176 1127 suis
1205 1084 1460 1140 spatiatum
1489 1096 1707 1140 egressus

428 1155 570 1202 esset,
592 1164 653 1193 ex
677 1151 839 1195 itinere
862 1151 1088 1206 fatigatus
1111 1157 1158 1194 et
1182 1151 1354 1195 laboris
1386 1156 1627 1207 pertoesus,
1655 1151 1703 1195 in

429 1216 534 1260 loco
575 1218 776 1274 quodam
810 1219 897 1261 sub
936 1218 1045 1261 divo
1082 1218 1332 1262 dormivit:
1378 1224 1426 1261 et
1459 1230 1567 1262 ecce
1598 1230 1705 1262 cum

429 1284 604 1340 impetu
647 1286 882 1329 irruebant
921 1285 1079 1336 Turci,
1123 1291 1175 1328 ut
1218 1286 1369 1341 ipsum
1410 1284 1707 1342 comprehen-

428 1350 590 1394 derent
613 1353 941 1408 improvisum
969 1352 1048 1408 qui
1068 1365 1127 1395 ex
1150 1352 1493 1396 advenientium
1517 1351 1702 1396 fremitu

429 1419 801 1474 expergefactae,
832 1433 1001 1475 equum
1030 1419 1255 1471 ascendit,
1285 1426 1332 1462 et
1359 1424 1575 1463 extracto
1602 1419 1705 1475 gla-

428 1484 506 1527 dio
526 1499 631 1528 cum
659 1486 773 1537 suis,
799 1486 968 1529 Turcis
994 1486 1176 1529 obviam
1207 1485 1431 1542 procedit,
1460 1486 1711 1543 fugamque

429 1552 703 1596 simulantes
751 1554 1011 1610 insequitur
1054 1554 1223 1605 acrius,
1266 1566 1414 1609 usque
1453 1553 1513 1596 ad
1552 1552 1706 1598 locum

428 1619 696 1663 insidiarum
740 1620 961 1676 ipsorum.
1035 1620 1170 1663 Unde
1213 1620 1371 1664 subito
1412 1625 1708 1676 erumpentes

428 1686 612 1741 plurimi
656 1700 809 1742 regem
844 1701 947 1731 cum
988 1688 1280 1743 paucissimis
1317 1687 1415 1731 suis
1451 1686 1707 1731 circumde-

426 1753 611 1805 derunt,
652 1767 789 1809 quem
829 1760 938 1797 tunc
977 1754 1179 1797 humano
1218 1754 1490 1797 destitutum
1526 1753 1706 1799 auxilio

427 1819 898 1876 comprehendissent,
925 1821 966 1863 si
994 1821 1097 1877 ejus
1121 1821 1305 1877 plenam
1330 1820 1541 1864 notitiam
1562 1820 1705 1865 habu-

429 1886 589 1930 issent.
638 1887 727 1930 Sed
749 1901 870 1939 ecce,
894 1887 1088 1930 confuso
1111 1888 1362 1930 certamine
1383 1886 1704 1931 contendenti-

430 1953 533 2004 bus,
562 1966 682 1996 unus
712 1956 941 1998 sociorum
973 1955 1112 2009 regis,
1144 1955 1327 1997 nomine
1349 1954 1611 1998 willelmus
1629 1950 1705 1999 ⁸de

431 2019 663 2072 Pratellis,
688 2022 970 2064 exclamavit
991 2022 1210 2064 idiomate
1230 2020 1523 2073 Saracenico,
1551 2034 1603 2064 se
1632 2034 1704 2065 re·

429 2100 534 2139 gem
554 2101 656 2130 esse
678 2087 928 2131 affirmans.
999 2088 1088 2132 Cui
1112 2088 1254 2132 Turci
1274 2088 1528 2140 credentes,
1551 2088 1703 2144 ipsum

430 2153 715 2197 Willelmum
763 2155 1142 2211 comprehensum
1191 2155 1433 2199 confestim
1474 2154 1534 2198 ad
1571 2166 1707 2199 suum

429 2221 683 2265 exercitum
725 2221 1016 2266 deduxerunt
1058 2218 1330 2278 ‘captivum
1407 2221 1557 2266 Fama
1595 2221 1708 2267 facti

430 2289 702 2344 perveniens
746 2289 804 2331 ad
851 2290 1124 2340 exercitum,
1159 2290 1286 2345 ipsos
1321 2289 1380 2332 ad
1415 2300 1548 2332 arma
1580 2300 1708 2333 oom-

429 2356 602 2407 movit3
634 2356 712 2411 qui
738 2356 846 2398 dum
879 2356 1236 2412 progrediuntur
1266 2369 1420 2411 regem
1449 2355 1708 2412 quaesituri,

431 2423 679 2466 revertenti
701 2429 964 2465 occurrunt.
1034 2422 1263 2467 Abierunt
1285 2423 1407 2466 enim
1434 2421 1577 2467 Turci
1603 2422 1706 2467 lou·

431 2488 552 2541 gius,
585 2495 802 2544 putantes
831 2503 882 2532 se
909 2503 1063 2543 regem
1085 2489 1327 2541 adducere,
1351 2490 1486 2546 cujus
1506 2496 1709 2546 quatuor

432 2555 544 2597 socii
584 2556 629 2597 in
672 2556 791 2598 bello
831 2556 1090 2599 ceciderant
1130 2557 1374 2600 interfecti.
1446 2556 1563 2600 Post
1598 2556 1706 2610 hoc,

483 2661 491 2681 ⁸
515 2665 580 2697 ‘de
595 2662 840 2706 poculorum?
858 2663 950 2699 ΠΛ.
1089 2663 1151 2697 Ar.
1216 2665 1397 2707 Bmmptnn
1427 2665 1514 2699 φη.
1541 2665 1612 2703 u-
1636 2667 1708 2701 a&

480 2730 495 2752 ι
515 2733 526 2751 ι
537 2733 651 2775 ³⁰¹>oe
666 2733 691 2775 3'
707 2730 799 2768 Du·
1091 2710 1283 2752 Panem-,⁹
1299 2712 1345 2746 X.
1360 2713 1485 2755 script.
1501 2714 1599 2747 1241,
1613 2715 1666 2749 ις,

1136 2756 1150 2776 ⁴
1173 2758 1401 2800 ‘captivum3'
1422 2759 1575 2802 wanting
1594 2760 1629 2794 in
1655 2761 1710 2796 Π.

480 2799 496 2822 ὓ
516 2801 583 2834 ‘de
602 2800 779 2835 Putem-¹
794 2801 1055 2836 bunun-nd
1090 2803 1159 2839 aad
1174 2804 1238 2839 Ar.
