1930 3172
468 255 557 299 406
949 266 1048 297 mo.
1079 264 1276 298 waiva-n
1362 273 1372 282 ·

251 381 403 442 Ἠνι-
470 370 622 414 doniis
664 371 713 413 in
755 370 857 414 loco
901 370 1120 413 eminenti
1163 369 1323 425 flgitur
1367 381 1509 426 super
1555 369 1745 427 palum3

473 450 643 494 corpus
676 450 786 480 vero
829 437 876 479 in
925 437 1130 480 Scotiam
1174 436 1514 488 transmissum,
1547 435 1748 480 divisum

474 509 547 547 est
575 505 624 547 in
653 510 861 559 quartas,
891 516 997 558 quae
1027 504 1086 546 ad
1121 503 1316 546 aliorum
1349 509 1570 547 terrorem
1599 503 1648 546 ln
1677 502 1749 548 di·

257 582 334 615 ἢν·
474 570 622 614 versis
643 571 852 626 partibus
875 570 1233 626 suspenduntur.
1304 568 1609 622 Bertrandus,
1630 569 1752 614 Bur-

255 613 436 675 emm
475 637 738 692 degalensis
800 636 1191 692 archiepiscopus,
1245 636 1434 680 natione
1477 636 1653 689 Vasco,
1700 636 1750 681 in

257 681 460 749 mmm
477 717 646 760 papam
682 703 875 752 electus,
900 702 1115 745 Clemens
1149 703 1340 758 quintus
1369 702 1521 747 dictus
1549 708 1638 755 est,
1669 703 1752 759 qul

477 782 635 812 mense
659 769 853 812 Octobri
878 769 926 811 in
959 768 1206 823 Lugduno,
1237 769 1618 813 convenientibus
1638 769 1751 814 illuc

476 835 805 887 cardinalibus,
846 848 957 890 rege
1009 835 1292 878 Francorum
1347 834 1567 891 Philippo
1614 848 1748 880 suam

478 902 773 958 praesentiam
794 901 1059 953 exhibente,
1081 901 1308 957 imperiali
1339 900 1602 946 diademate
1619 914 1751 947 οοω·

479 974 646 1013 natur:
692 969 773 1024 qui
809 968 918 1011 dum
962 973 1211 1011 coronatus
1247 967 1307 1011 ad
1348 968 1591 1012 ecclesiam
1625 968 1752 1013 beati

481 1035 674 1079 Martini
711 1034 964 1090 equitando
997 1035 1260 1086 duceretur,
1297 1047 1457 1078 murus
1497 1034 1686 1091 quidam
1721 1047 1753 1079 ι

478 1102 640 1154 latere,
660 1102 709 1144 in
733 1114 870 1157 quem
899 1101 1033 1144 multi
1066 1100 1320 1157 spectaturi
1342 1113 1447 1157 quoe
1470 1102 1754 1155 gerebantur

479 1168 827 1219 adscenderunt,
865 1181 1084 1212 corruens
1119 1168 1292 1211 multos
1330 1168 1589 1224 ορμηθείη
1630 1168 1755 1212 inter

480 1248 599 1291 quos
620 1239 721 1278 erat
743 1234 840 1277 dux
867 1234 1139 1286 Britanniae,
1154 1235 1228 1277 vir
1247 1247 1390 1277 senex
1413 1239 1462 1277 et
1475 1234 1753 1279 discutione

481 1301 690 1356 insignis.
790 1300 956 1344 Frater
997 1300 1238 1343 Walterus
1278 1300 1337 1343 de
1376 1300 1754 1354 Winterbourue,

482 1381 630 1423 nuper
653 1367 711 1410 ad
735 1367 1071 1410 cardinalatum
1094 1372 1376 1423 assumptus,
1394 1366 1628 1411 tendendo
1647 1379 1754 1412 cum

481 1433 586 1476 aliis
616 1433 929 1477 cardinalibus
956 1434 1004 1476 in
1032 1433 1253 1485 Galliam,
1288 1433 1484 1476 moritur
1520 1433 1646 1490 apud
1669 1433 1753 1478 Jo-

483 1513 638 1551 nuam,
662 1506 709 1543 et
732 1500 780 1542 iu
811 1500 1007 1543 ecclesia
1037 1500 1230 1543 fratrum
1264 1498 1631 1544 Praedicawmm
1658 1505 1757 1544 tn·

268 1581 314 1607 n·
325 1581 435 1606 cmc·-
482 1566 608 1609 ditur
627 1566 895 1623 sepulturae.
966 1566 1100 1622 Papa
1123 1572 1231 1610 ante
1262 1565 1436 1610 Natale
1465 1578 1604 1610 unam
1633 1566 1758 1611 ordi-

265 1617 418 1673 ἓῖὲιέω.
484 1634 717 1677 nationem
757 1634 949 1684 faciens,
985 1633 1163 1676 creavit
1202 1632 1442 1676 duodecim
1478 1632 1754 1687 cardinales,

482 1701 605 1743 inter
621 1713 739 1755 quos
762 1700 819 1742 de
837 1700 996 1743 ordine
1014 1699 1206 1743 fratrum
1230 1699 1595 1743 Praedicator-um
1612 1699 1758 1745 frater

481 1767 688 1810 Thomas
724 1767 782 1809 de
808 1762 957 1817 ¹Jorz,
996 1766 1159 1810 doctor
1196 1778 1343 1810 sacrae
1381 1766 1644 1823 theologia,
1673 1779 1757 1812 na-

483 1834 609 1876 tione
634 1832 880 1886 Anglicus,
915 1833 1038 1875 tituli
1074 1833 1121 1876 S.
1145 1833 1349 1884 Sabinoe,
1378 1837 1427 1875 et
1449 1831 1674 1877 Nicolaum
1697 1833 1757 1878 de

487 1899 708 1949 Pravilla,
757 1898 995 1941 consessor
1047 1898 1168 1952 regis
1222 1899 1522 1949 Francorum,
1569 1899 1757 1943 natione

486 1965 802 2015 Nor-mannus,
827 1964 951 2007 tituli
984 1964 1033 2006 S.
1052 1964 1259 2016 Eusebii,
1283 1963 1544 2007 efficiuntur
1562 1965 1756 2023 presby·

484 2032 570 2074 teri
604 2030 878 2074 cardinales.
968 2030 1076 2073 Hoc
1105 2044 1228 2074 anno
1262 2031 1388 2073 misit
1418 2043 1500 2073 rex
1543 2031 1756 2076 Francia

483 2098 540 2140 ad
565 2110 719 2151 regem
742 2096 943 2150 Anglioe,
968 2110 1138 2151 rogans
1162 2109 1265 2139 eum
1291 2102 1344 2139 ut
1365 2096 1674 2142 Flandreuses
1694 2098 1756 2142 ab

483 2163 659 2218 Anglia
678 2163 949 2219 expelleret,
972 2164 1091 2206 sicut
1115 2164 1215 2218 ipse
1236 2162 1294 2206 ad
1321 2176 1454 2206 suam
1485 2163 1757 2208 instantiam

268 2242 376 2268 Αιιιιι·
483 2230 649 2273 Scotos
682 2229 740 2272 de
778 2230 975 2272 Francia
1004 2230 1205 2286 ejecerat
1235 2230 1375 2286 paulo
1409 2234 1530 2274 ante.
1607 2230 1756 2288 cuju·

264 2275 455 2335 mab-2⁸¹⁹
484 2310 566 2339 rex
602 2292 839 2352 'precibus
882 2296 1203 2352 adquiescens,
1250 2295 1559 2341 Flandreuses
1595 2310 1757 2342 omnes

264 2342 337 2367 from

267 2375 404 2408 muod-
482 2364 539 2406 de
561 2363 736 2418 Anglia
760 2363 1044 2406 exbannivit.

529 2513 538 2534 ¹
564 2515 575 2532 ⁴
587 2514 665 2546 Jozi
680 2510 705 2554 ς’
732 2514 840 2546 Wals.
864 2516 927 2546 9⁰:
957 2515 967 2532 ‘
982 2511 1101 2554 Seuz;'
1183 2512 1198 2535 ³
1221 2516 1231 2533 ‘
1245 2511 1420 2557 precibus'
1436 2516 1466 2548 is
1486 2514 1626 2549 omitted
1642 2515 1678 2549 ίΙΙ
1692 2514 1757 2551 ΔΙ.

482 2562 552 2600 Μ.;
581 2560 725 2601 perhaps
751 2561 802 2593 t'or
838 2561 959 2602 «δραι,
999 2562 1101 2602 vulgo
1137 2563 1212 2594 220.

479 2605 612 2648 Joyce‚'
628 2618 708 2648 says
728 2607 821 2639 unu.
