1930 3172
457 243 514 286 8⁴
940 255 1037 288 mc.
1062 255 1258 288 ‘reive-ri

239 366 393 394 ‘rb-tet·
460 371 540 403 τοι
562 360 647 403 sibi
673 360 904 411 vendicat,
926 360 1007 404 sed
1029 374 1112 404 nos
1133 374 1233 404 eam
1256 360 1386 403 nobis
1406 359 1732 404 damnabiliter

240 401 436 467 mmo·-
460 438 779 480 reservamus3
814 434 955 483 atque
980 428 1167 471 liberam
1207 427 1462 483 praebentes
1485 428 1734 483 impunita-

242 468 333 495 lou«.

351 401 383 427 d

460 493 521 536 tis
541 494 797 547 materiam,
820 495 868 537 in
897 494 1055 538 fauces
1085 500 1268 538 nostras
1299 494 1523 537 laicorum
1549 493 1733 549 gladios

460 572 781 615 provocamus.
842 560 1204 616 Ignominiosum
1228 566 1315 611 est,
1338 560 1461 616 quod
1485 573 1570 616 pro
1589 572 1733 617 capra

461 626 534 670 vel
566 628 750 671 ovicula
778 627 981 683 gravior,
1017 642 1100 685 pro
1129 627 1370 671 sacerdote
1400 627 1555 670 occiso
1591 639 1734 683 poena

459 694 693 737 remissior
710 695 958 748 irrogatur.
1007 694 1098 738 Sed
1119 690 1252 750 ¹[his]
1270 700 1318 737 et
1329 693 1591 737 durioribus
1602 692 1733 749 digni

459 772 636 811 sumus,
659 761 739 815 qui
761 760 1129 816 jurisdictionem
1152 760 1368 812 alienam,
1396 764 1444 804 et
1466 761 1599 803 nobis
1631 772 1732 803 om·

459 826 569 868 nino
592 826 861 878 indebitam,
890 828 1142 870 ambitione
1166 827 1411 870 temeraria
1439 838 1730 883 usurpamus.

462 891 585 935 Nam
620 898 668 935 et
704 893 753 935 in
788 905 981 948 corpore
1011 893 1331 943 Decretorum,
1361 892 1483 936 etin
1520 892 1734 949 prtob

458 959 517 1001 ad
564 958 820 1011 Romanos,
873 959 973 1004 haec
1013 960 1156 1004 verba
1197 959 1366 1014 legisse
1409 958 1732 1004 meminimus:

457 1029 471 1048 ⁶
489 1025 609 1069 Sunt
639 1026 852 1082 quaedam
880 1028 1087 1071 enormia
1116 1026 1309 1081 flagitia,
1338 1038 1444 1082 quas
1474 1026 1631 1082 potins
1650 1038 1735 1082 per

459 1092 616 1135 mundi
640 1093 841 1149 Judices‚
867 1106 1006 1149 quam
1037 1107 1119 1149 per
1148 1099 1350 1136 rectores
1378 1098 1427 1136 et
1450 1091 1635 1149 judiees
1658 1105 1736 1136 ec-

457 1158 716 1211 clesiarum,
738 1160 1032 1203 vindicantur
1049 1174 1061 1214 ;
1090 1160 1212 1203 sicut
1230 1165 1319 1211 est,
1338 1172 1442 1203 cum
1466 1159 1574 1215 quis
1593 1160 1736 1203 inter-

459 1225 554 1269 ficit
576 1226 838 1282 pontificem
860 1233 943 1270 ant
966 1227 1299 1283 presbyterum,
1335 1225 1600 1283 hujusmodi
1628 1238 1733 1270 reos

458 1305 592 1347 reges
617 1298 665 1336 et
685 1294 913 1349 principes
934 1294 1090 1336 mnndi
1111 1292 1366 1336 damnant.'
1420 1292 1584 1336 Omnis
1606 1292 1732 1349 equi·

457 1358 562 1402 dem
595 1359 783 1417 justitia
824 1360 928 1403 ideo
963 1364 1221 1411 exercetur,
1265 1365 1317 1403 ut
1354 1359 1511 1403 debita
1546 1354 1732 1415 'quiete

458 1425 661 1480 gandeat
698 1427 981 1478 innocentia,
1021 1432 1069 1470 et
1108 1426 1459 1481 malignantium
1494 1426 1732 1470 temeritas

458 1492 726 1536 refrenetur.
783 1493 1098 1536 Veruntamen
1118 1493 1165 1535 in
1191 1492 1278 1536 hac
1296 1492 1619 1549 jurisdictione
1638 1505 1732 1537 ma-

457 1558 643 1611 ledicta,
672 1572 811 1615 quam
838 1560 1081 1603 ambitiose
1104 1564 1153 1603 et
1171 1559 1368 1614 superbe
1397 1559 1735 1615 praesnmimns,

459 1621 533 1669 'et
565 1626 714 1670 Danu
748 1626 1021 1670 offendimus
1056 1632 1102 1670 et
1134 1626 1370 1669 dominum
1396 1638 1570 1680 regem,
1589 1625 1736 1669 viam·

458 1706 550 1749 que
573 1693 620 1735 in
645 1692 838 1736 clericos
865 1692 1151 1748 malignandi
1173 1692 1452 1736 tutissimam
1474 1692 1606 1736 laicis
1627 1705 1735 1748 ape-

460 1760 617 1803 rimus.
682 1759 846 1815 Nuper
865 1760 988 1815 apud
1011 1760 1295 1803 wintoniam
1319 1758 1537 1803 sacerdos
1555 1758 1735 1803 littera-

460 1830 579 1868 turae
614 1826 1006 1877 commendabilis,
1037 1831 1084 1869 et
1117 1825 1485 1869 conversationis
1508 1825 1734 1877 honesto,

461 1892 691 1935 malitiose
728 1892 909 1935 occisus
950 1897 1023 1935 est
1061 1905 1092 1935 a
1131 1891 1367 1935 Willelmo
1404 1887 1653 1935 ‘Frescbet
1687 1896 1738 1935 et

462 1971 609 2001 uxore
658 1959 794 2015 ejus;
853 1972 938 2002 nec
997 1958 1065 2002 illi
1130 1958 1402 2002 maleficium
1468 1957 1735 2002 diffitentur.

463 2024 676 2081 Prompti
703 2031 814 2068 sunt
830 2039 943 2081 ergo
964 2026 1139 2069 curiam
1160 2025 1287 2068 adire
1307 2024 1594 2078 Romanam3
1627 2037 1735 2068 nam

462 2092 652 2135 confidit
686 2092 735 2134 in
772 2105 829 2135 ea
865 2105 947 2135 eor
979 2092 1066 2135 viri
1102 2093 1192 2143 sui,
1224 2097 1366 2147 atque
1407 2091 1456 2134 in
1491 2090 1647 2147 specie
1685 2096 1735 2135 et

462 2158 770 2214 pulcritudine
802 2171 889 2201 sua
921 2158 1119 2202 intendit
1143 2171 1362 2215 prospere
1390 2156 1656 2213 procedere,
1687 2162 1739 2202 et

461 2225 519 2268 de
552 2225 782 2269 lenocinio
817 2225 978 2269 uxoris
1013 2226 1061 2268 in
1095 2226 1190 2276 via,
1230 2230 1399 2281 praeter
1433 2223 1740 2268 absolutionis

461 2292 749 2343 beneficium,
791 2291 967 2336 fructus
1011 2292 1239 2337 uberioris
1282 2289 1545 2348 manipulos
1584 2302 1740 2348 repor-

461 2364 578 2402 tare.

529 2429 542 2448 ⁶
558 2424 661 2467 Vos
695 2437 824 2479 ergo,
860 2424 1147 2468 dilectissimi
1183 2424 1366 2475 fratres,
1401 2423 1509 2468 huic
1539 2423 1741 2481 publico

462 2491 599 2546 pesti,
630 2490 739 2534 dum
770 2491 816 2534 in
848 2504 934 2534 suo
967 2504 1106 2535 cursu
1138 2496 1226 2542 est,
1263 2490 1516 2535 maturiore
1544 2489 1740 2535 consilio

462 2557 691 2600 studeatis
720 2570 993 2610 occurret-03
1038 2570 1143 2600 nam
1179 2558 1220 2600 si
1252 2557 1439 2601 liberius
1474 2556 1738 2614 aliquantu·

510 2689 851 2726 unwina-omn.
1165 2688 1739 2726 '‘etDsuuol’endi-uet'm

1119 2739 1268 2779 wanting
1284 2739 1317 2771 in
1336 2735 1424 2772 lu.

510 2783 524 2804 ²
544 2787 555 2804 ‘
567 2785 718 2826 equitate
731 2781 751 2824 ς’
777 2785 838 2818 Ar.
1166 2783 1178 2802 ⁴
1201 2787 1211 2802 ⁸
1226 2785 1389 2818 Fre-eber
1399 2781 1420 2826 ς’
1436 2781 1527 2818 ΠΛ.
