<?xml version="1.0" encoding="UTF-8"?>
<!DOCTYPE html PUBLIC "-//W3C//DTD XHTML 1.0 Transitional//EN"
    "http://www.w3.org/TR/xhtml1/DTD/xhtml1-transitional.dtd">
<html xmlns="http://www.w3.org/1999/xhtml" xml:lang="en" lang="en">
 <head>
  <title>
</title>
<meta http-equiv="Content-Type" content="text/html;charset=utf-8" />
  <meta name='ocr-system' content='tesseract 3.04.00' />
  <meta name='ocr-capabilities' content='ocr_page ocr_carea ocr_par ocr_line ocrx_word'/>
</head>
<body>
  <div class='ocr_page' id='page_1' title='image "./fnicholaitriveti00trivuoft_0360.png"; bbox 0 0 1930 3172; ppageno 0'>
   <div class='ocr_carea' id='block_1_1' title="bbox 455 207 1260 254">
    <p class='ocr_par' dir='ltr' id='par_1_1' title="bbox 455 207 1260 254">
     <span class='ocr_line' id='line_1_1' title="bbox 455 207 1260 254; baseline 0.002 -3"><span class='ocrx_word' id='word_1_1' title='bbox 455 207 547 251; x_wconf 78' lang='lat'><strong>380</strong></span> <span class='ocrx_word' id='word_1_2' title='bbox 930 221 1027 253; x_wconf 77' lang='lat' dir='ltr'><strong>mc.</strong></span> <span class='ocrx_word' id='word_1_3' title='bbox 1061 220 1260 254; x_wconf 72' lang='lat' dir='ltr'><strong>rain-ri</strong></span> 
     </span>
    </p>
   </div>
   <div class='ocr_carea' id='block_1_2' title="bbox 456 324 1732 382">
    <p class='ocr_par' dir='ltr' id='par_1_2' title="bbox 456 324 1732 382">
     <span class='ocr_line' id='line_1_2' title="bbox 456 324 1732 382; baseline 0.005 -16"><span class='ocrx_word' id='word_1_4' title='bbox 456 336 539 378; x_wconf 87' lang='lat' dir='ltr'><strong>per</strong></span> <span class='ocrx_word' id='word_1_5' title='bbox 562 337 644 367; x_wconf 88' lang='lat' dir='ltr'><strong>eas</strong></span> <span class='ocrx_word' id='word_1_6' title='bbox 676 324 975 376; x_wconf 86' lang='lat' dir='ltr'><strong>concordata,</strong></span> <span class='ocrx_word' id='word_1_7' title='bbox 1008 326 1054 368; x_wconf 90' lang='lat' dir='ltr'><strong>in</strong></span> <span class='ocrx_word' id='word_1_8' title='bbox 1088 326 1311 371; x_wconf 81' lang='lat' dir='ltr'><strong>fidelitate</strong></span> <span class='ocrx_word' id='word_1_9' title='bbox 1345 328 1475 382; x_wconf 72' lang='lat' dir='ltr'><strong>rogia</strong></span> <span class='ocrx_word' id='word_1_10' title='bbox 1498 341 1552 371; x_wconf 86' lang='lat' dir='ltr'><strong>se</strong></span> <span class='ocrx_word' id='word_1_11' title='bbox 1583 328 1732 374; x_wconf 75' lang='lat' dir='ltr'><strong>adim·</strong></span> 
     </span>
    </p>
   </div>
   <div class='ocr_carea' id='block_1_3' title="bbox 454 390 1734 586">
    <p class='ocr_par' dir='ltr' id='par_1_3' title="bbox 454 390 1734 586">
     <span class='ocr_line' id='line_1_3' title="bbox 456 390 1731 452; baseline 0.005 -18"><span class='ocrx_word' id='word_1_12' title='bbox 456 390 685 446; x_wconf 86' lang='lat' dir='ltr'><strong>pleturum</strong></span> <span class='ocrx_word' id='word_1_13' title='bbox 733 392 999 447; x_wconf 75' lang='lat' dir='ltr'><strong>spopondit.</strong></span> <span class='ocrx_word' id='word_1_14' title='bbox 1099 393 1311 450; x_wconf 74' lang='lat' dir='ltr'><strong>Moxque</strong></span> <span class='ocrx_word' id='word_1_15' title='bbox 1351 394 1483 438; x_wconf 85' lang='lat' dir='ltr'><strong>miles</strong></span> <span class='ocrx_word' id='word_1_16' title='bbox 1527 394 1731 452; x_wconf 78' lang='lat' dir='ltr'><strong>quidam,</strong></span> 
     </span>
     <span class='ocr_line' id='line_1_4' title="bbox 455 458 1734 514; baseline 0.005 -14"><span class='ocrx_word' id='word_1_17' title='bbox 455 459 640 502; x_wconf 85' lang='lat' dir='ltr'><strong>nomine</strong></span> <span class='ocrx_word' id='word_1_18' title='bbox 662 458 906 502; x_wconf 79' lang='lat' dir='ltr'><strong>Galsridus</strong></span> <span class='ocrx_word' id='word_1_19' title='bbox 934 459 992 503; x_wconf 86' lang='lat' dir='ltr'><strong>de</strong></span> <span class='ocrx_word' id='word_1_20' title='bbox 1017 459 1287 514; x_wconf 65' lang='lat' dir='ltr'><strong>Laus-cleia,</strong></span> <span class='ocrx_word' id='word_1_21' title='bbox 1309 461 1366 504; x_wconf 89' lang='lat' dir='ltr'><strong>de</strong></span> <span class='ocrx_word' id='word_1_22' title='bbox 1401 461 1578 506; x_wconf 79' lang='lat' dir='ltr'><strong>familia</strong></span> <span class='ocrx_word' id='word_1_23' title='bbox 1614 462 1734 507; x_wconf 72' lang='lat' dir='ltr'><strong>End·</strong></span> 
     </span>
     <span class='ocr_line' id='line_1_5' title="bbox 454 525 1732 586; baseline 0.005 -19"><span class='ocrx_word' id='word_1_24' title='bbox 454 525 613 568; x_wconf 91' lang='lat' dir='ltr'><strong>muudi</strong></span> <span class='ocrx_word' id='word_1_25' title='bbox 654 526 812 569; x_wconf 79' lang='lat' dir='ltr'><strong>fratris</strong></span> <span class='ocrx_word' id='word_1_26' title='bbox 850 525 974 581; x_wconf 73' lang='lat' dir='ltr'><strong>regis</strong></span> <span class='ocrx_word' id='word_1_27' title='bbox 1016 526 1219 581; x_wconf 76' lang='lat' dir='ltr'><strong>Angliae,</strong></span> <span class='ocrx_word' id='word_1_28' title='bbox 1258 541 1364 571; x_wconf 89' lang='lat' dir='ltr'><strong>cum</strong></span> <span class='ocrx_word' id='word_1_29' title='bbox 1401 528 1568 572; x_wconf 84' lang='lat' dir='ltr'><strong>litteris</strong></span> <span class='ocrx_word' id='word_1_30' title='bbox 1606 530 1732 586; x_wconf 69' lang='lat' dir='ltr'><strong>regis</strong></span> 
     </span>
    </p>
   </div>
   <div class='ocr_carea' id='block_1_4' title="bbox 458 590 1810 657">
    <p class='ocr_par' dir='ltr' id='par_1_4' title="bbox 458 590 1810 657">
     <span class='ocr_line' id='line_1_6' title="bbox 458 590 1810 657; baseline 0.004 -23"><span class='ocrx_word' id='word_1_31' title='bbox 458 590 743 635; x_wconf 75' lang='lat' dir='ltr'><strong>Francorum</strong></span> <span class='ocrx_word' id='word_1_32' title='bbox 781 594 1110 637; x_wconf 83' lang='lat' dir='ltr'><strong>revocantibus</strong></span> <span class='ocrx_word' id='word_1_33' title='bbox 1145 595 1541 639; x_wconf 70' lang='lat' dir='ltr'><strong>constabularium</strong></span> <span class='ocrx_word' id='word_1_34' title='bbox 1582 595 1731 640; x_wconf 74' lang='lat' dir='ltr'><strong>Fran·</strong></span> <span class='ocrx_word' id='word_1_35' title='bbox 1807 654 1810 657; x_wconf 87' lang='lat'>.</span> 
     </span>
    </p>
   </div>
   <div class='ocr_carea' id='block_1_5' title="bbox 447 658 1731 1453">
    <p class='ocr_par' dir='ltr' id='par_1_5' title="bbox 447 658 1731 1453">
     <span class='ocr_line' id='line_1_7' title="bbox 451 658 1728 716; baseline 0.005 -15"><span class='ocrx_word' id='word_1_36' title='bbox 451 658 552 709; x_wconf 76' lang='lat' dir='ltr'><strong>ciae,</strong></span> <span class='ocrx_word' id='word_1_37' title='bbox 582 660 663 714; x_wconf 89' lang='lat' dir='ltr'><strong>qui</strong></span> <span class='ocrx_word' id='word_1_38' title='bbox 693 672 797 702; x_wconf 88' lang='lat' dir='ltr'><strong>cum</strong></span> <span class='ocrx_word' id='word_1_39' title='bbox 830 661 1039 703; x_wconf 87' lang='lat' dir='ltr'><strong>exercitu</strong></span> <span class='ocrx_word' id='word_1_40' title='bbox 1075 661 1309 716; x_wconf 80' lang='lat' dir='ltr'><strong>profectus</strong></span> <span class='ocrx_word' id='word_1_41' title='bbox 1342 662 1493 706; x_wconf 83' lang='lat' dir='ltr'><strong>fuerat</strong></span> <span class='ocrx_word' id='word_1_42' title='bbox 1524 668 1578 707; x_wconf 84' lang='lat' dir='ltr'><strong>ut</strong></span> <span class='ocrx_word' id='word_1_43' title='bbox 1604 662 1728 707; x_wconf 69' lang='lat' dir='ltr'><strong>Van·</strong></span> 
     </span>
     <span class='ocr_line' id='line_1_8' title="bbox 451 726 1727 780; baseline 0.007 -14"><span class='ocrx_word' id='word_1_44' title='bbox 451 726 633 767; x_wconf 88' lang='lat' dir='ltr'><strong>coniam</strong></span> <span class='ocrx_word' id='word_1_45' title='bbox 662 732 973 780; x_wconf 78' lang='lat' dir='ltr'><strong>expugnaret,</strong></span> <span class='ocrx_word' id='word_1_46' title='bbox 1010 727 1181 770; x_wconf 83' lang='lat' dir='ltr'><strong>missus</strong></span> <span class='ocrx_word' id='word_1_47' title='bbox 1220 734 1294 772; x_wconf 83' lang='lat' dir='ltr'><strong>est</strong></span> <span class='ocrx_word' id='word_1_48' title='bbox 1324 728 1382 771; x_wconf 86' lang='lat' dir='ltr'><strong>ad</strong></span> <span class='ocrx_word' id='word_1_49' title='bbox 1415 742 1537 773; x_wconf 80' lang='lat' dir='ltr'><strong>cum.</strong></span> <span class='ocrx_word' id='word_1_50' title='bbox 1619 729 1727 775; x_wconf 75' lang='lat' dir='ltr'><strong>Rex</strong></span> 
     </span>
     <span class='ocr_line' id='line_1_9' title="bbox 451 791 1728 847; baseline 0.006 -14"><span class='ocrx_word' id='word_1_51' title='bbox 451 791 591 834; x_wconf 87' lang='lat' dir='ltr'><strong>ctiam</strong></span> <span class='ocrx_word' id='word_1_52' title='bbox 628 791 815 847; x_wconf 77' lang='lat' dir='ltr'><strong>Angliae</strong></span> <span class='ocrx_word' id='word_1_53' title='bbox 853 792 1122 837; x_wconf 80' lang='lat' dir='ltr'><strong>Cantuarioe</strong></span> <span class='ocrx_word' id='word_1_54' title='bbox 1149 794 1489 839; x_wconf 68' lang='lat' dir='ltr'><strong>solemnitatem</strong></span> <span class='ocrx_word' id='word_1_55' title='bbox 1522 795 1728 841; x_wconf 75' lang='lat' dir='ltr'><strong>Pascha·</strong></span> 
     </span>
     <span class='ocr_line' id='line_1_10' title="bbox 452 854 1731 917; baseline 0.006 -17"><span class='ocrx_word' id='word_1_56' title='bbox 452 858 541 901; x_wconf 88' lang='lat' dir='ltr'><strong>lem</strong></span> <span class='ocrx_word' id='word_1_57' title='bbox 581 859 749 911; x_wconf 86' lang='lat' dir='ltr'><strong>tenuit,</strong></span> <span class='ocrx_word' id='word_1_58' title='bbox 791 858 959 902; x_wconf 82' lang='lat' dir='ltr'><strong>ibidem</strong></span> <span class='ocrx_word' id='word_1_59' title='bbox 993 865 1045 903; x_wconf 90' lang='lat' dir='ltr'><strong>ut</strong></span> <span class='ocrx_word' id='word_1_60' title='bbox 1082 859 1325 905; x_wconf 82' lang='lat' dir='ltr'><strong>Ambianis</strong></span> <span class='ocrx_word' id='word_1_61' title='bbox 1361 854 1731 917; x_wconf 54' lang='lat' dir='ltr'><strong>proficiscen-&amp;nr</strong></span> 
     </span>
     <span class='ocr_line' id='line_1_11' title="bbox 451 926 1727 981; baseline 0.006 -14"><span class='ocrx_word' id='word_1_62' title='bbox 451 931 731 981; x_wconf 84' lang='lat' dir='ltr'><strong>exspectaus</strong></span> <span class='ocrx_word' id='word_1_63' title='bbox 761 926 941 970; x_wconf 83' lang='lat' dir='ltr'><strong>litteras</strong></span> <span class='ocrx_word' id='word_1_64' title='bbox 964 926 1022 969; x_wconf 89' lang='lat' dir='ltr'><strong>de</strong></span> <span class='ocrx_word' id='word_1_65' title='bbox 1045 926 1292 971; x_wconf 87' lang='lat' dir='ltr'><strong>conductu.</strong></span> <span class='ocrx_word' id='word_1_66' title='bbox 1359 928 1568 973; x_wconf 79' lang='lat' dir='ltr'><strong>Joauues</strong></span> <span class='ocrx_word' id='word_1_67' title='bbox 1586 930 1727 975; x_wconf 69' lang='lat' dir='ltr'><strong>otiam</strong></span> 
     </span>
     <span class='ocr_line' id='line_1_12' title="bbox 449 991 1727 1049; baseline 0.005 -15"><span class='ocrx_word' id='word_1_68' title='bbox 449 991 508 1035; x_wconf 86' lang='lat' dir='ltr'><strong>de</strong></span> <span class='ocrx_word' id='word_1_69' title='bbox 534 992 659 1047; x_wconf 83' lang='lat' dir='ltr'><strong>Lacy</strong></span> <span class='ocrx_word' id='word_1_70' title='bbox 684 993 881 1036; x_wconf 88' lang='lat' dir='ltr'><strong>clericus</strong></span> <span class='ocrx_word' id='word_1_71' title='bbox 915 993 1164 1049; x_wconf 62' lang='lat' dir='ltr'><strong>praedictus</strong></span> <span class='ocrx_word' id='word_1_72' title='bbox 1190 995 1237 1037; x_wconf 89' lang='lat' dir='ltr'><strong>in</strong></span> <span class='ocrx_word' id='word_1_73' title='bbox 1263 994 1545 1039; x_wconf 87' lang='lat' dir='ltr'><strong>Vascouiam</strong></span> <span class='ocrx_word' id='word_1_74' title='bbox 1574 1001 1727 1042; x_wconf 78' lang='lat' dir='ltr'><strong>traus-</strong></span> 
     </span>
     <span class='ocr_line' id='line_1_13' title="bbox 452 1059 1727 1120; baseline 0.006 -19"><span class='ocrx_word' id='word_1_75' title='bbox 452 1059 619 1102; x_wconf 88' lang='lat' dir='ltr'><strong>missus</strong></span> <span class='ocrx_word' id='word_1_76' title='bbox 656 1066 742 1111; x_wconf 87' lang='lat' dir='ltr'><strong>est,</strong></span> <span class='ocrx_word' id='word_1_77' title='bbox 781 1073 885 1103; x_wconf 92' lang='lat' dir='ltr'><strong>cum</strong></span> <span class='ocrx_word' id='word_1_78' title='bbox 924 1060 1080 1104; x_wconf 86' lang='lat' dir='ltr'><strong>littera</strong></span> <span class='ocrx_word' id='word_1_79' title='bbox 1116 1061 1338 1105; x_wconf 74' lang='lat' dir='ltr'><strong>ministris</strong></span> <span class='ocrx_word' id='word_1_80' title='bbox 1381 1063 1504 1118; x_wconf 80' lang='lat' dir='ltr'><strong>regis</strong></span> <span class='ocrx_word' id='word_1_81' title='bbox 1538 1062 1727 1120; x_wconf 67' lang='lat' dir='ltr'><strong>Angue</strong></span> 
     </span>
     <span class='ocr_line' id='line_1_14' title="bbox 449 1126 1726 1183; baseline 0.006 -15"><span class='ocrx_word' id='word_1_82' title='bbox 449 1126 643 1175; x_wconf 87' lang='lat' dir='ltr'><strong>directa,</strong></span> <span class='ocrx_word' id='word_1_83' title='bbox 668 1127 923 1170; x_wconf 86' lang='lat' dir='ltr'><strong>secundum</strong></span> <span class='ocrx_word' id='word_1_84' title='bbox 951 1127 1145 1171; x_wconf 82' lang='lat' dir='ltr'><strong>formam</strong></span> <span class='ocrx_word' id='word_1_85' title='bbox 1170 1129 1454 1183; x_wconf 80' lang='lat' dir='ltr'><strong>praedictam.</strong></span> <span class='ocrx_word' id='word_1_86' title='bbox 1514 1129 1726 1176; x_wconf 67' lang='lat' dir='ltr'><strong>loannes</strong></span> 
     </span>
     <span class='ocr_line' id='line_1_15' title="bbox 452 1193 1726 1252; baseline 0.005 -17"><span class='ocrx_word' id='word_1_87' title='bbox 452 1206 562 1236; x_wconf 84' lang='lat' dir='ltr'><strong>vero</strong></span> <span class='ocrx_word' id='word_1_88' title='bbox 598 1193 655 1236; x_wconf 92' lang='lat' dir='ltr'><strong>de</strong></span> <span class='ocrx_word' id='word_1_89' title='bbox 697 1193 873 1237; x_wconf 86' lang='lat' dir='ltr'><strong>Sancto</strong></span> <span class='ocrx_word' id='word_1_90' title='bbox 912 1193 1115 1246; x_wconf 85' lang='lat' dir='ltr'><strong>Joanne,</strong></span> <span class='ocrx_word' id='word_1_91' title='bbox 1155 1208 1292 1251; x_wconf 89' lang='lat' dir='ltr'><strong>quem</strong></span> <span class='ocrx_word' id='word_1_92' title='bbox 1337 1209 1421 1240; x_wconf 83' lang='lat' dir='ltr'><strong>rex</strong></span> <span class='ocrx_word' id='word_1_93' title='bbox 1464 1195 1726 1252; x_wconf 69' lang='lat' dir='ltr'><strong>Anglorum</strong></span> 
     </span>
     <span class='ocr_line' id='line_1_16' title="bbox 452 1259 1728 1318; baseline 0.005 -16"><span class='ocrx_word' id='word_1_94' title='bbox 452 1259 700 1303; x_wconf 67' lang='lat' dir='ltr'><strong>Vaseoniae</strong></span> <span class='ocrx_word' id='word_1_95' title='bbox 720 1261 1008 1315; x_wconf 78' lang='lat' dir='ltr'><strong>proeseoerat,</strong></span> <span class='ocrx_word' id='word_1_96' title='bbox 1038 1261 1209 1304; x_wconf 88' lang='lat' dir='ltr'><strong>auditis</strong></span> <span class='ocrx_word' id='word_1_97' title='bbox 1230 1263 1380 1318; x_wconf 88' lang='lat' dir='ltr'><strong>pactis</strong></span> <span class='ocrx_word' id='word_1_98' title='bbox 1407 1263 1550 1314; x_wconf 82' lang='lat' dir='ltr'><strong>initis,</strong></span> <span class='ocrx_word' id='word_1_99' title='bbox 1569 1265 1728 1309; x_wconf 79' lang='lat' dir='ltr'><strong>omnia</strong></span> 
     </span>
     <span class='ocr_line' id='line_1_17' title="bbox 447 1327 1723 1388; baseline 0.005 -19"><span class='ocrx_word' id='word_1_100' title='bbox 447 1339 554 1382; x_wconf 68' lang='lat' dir='ltr'><strong>quas</strong></span> <span class='ocrx_word' id='word_1_101' title='bbox 592 1327 651 1369; x_wconf 91' lang='lat' dir='ltr'><strong>ad</strong></span> <span class='ocrx_word' id='word_1_102' title='bbox 686 1328 965 1371; x_wconf 80' lang='lat' dir='ltr'><strong>munitiones</strong></span> <span class='ocrx_word' id='word_1_103' title='bbox 999 1335 1257 1372; x_wconf 87' lang='lat' dir='ltr'><strong>castrorum</strong></span> <span class='ocrx_word' id='word_1_104' title='bbox 1294 1336 1343 1373; x_wconf 90' lang='lat' dir='ltr'><strong>et</strong></span> <span class='ocrx_word' id='word_1_105' title='bbox 1373 1331 1554 1374; x_wconf 83' lang='lat' dir='ltr'><strong>urbium</strong></span> <span class='ocrx_word' id='word_1_106' title='bbox 1586 1327 1723 1388; x_wconf 79' lang='lat' dir='ltr'><strong>&#39;pro-</strong></span> 
     </span>
     <span class='ocr_line' id='line_1_18' title="bbox 448 1394 1723 1453; baseline 0.005 -17"><span class='ocrx_word' id='word_1_107' title='bbox 448 1394 629 1437; x_wconf 88' lang='lat' dir='ltr'><strong>viderat</strong></span> <span class='ocrx_word' id='word_1_108' title='bbox 664 1394 888 1443; x_wconf 84' lang='lat' dir='ltr'><strong>vendidit,</strong></span> <span class='ocrx_word' id='word_1_109' title='bbox 915 1395 1249 1450; x_wconf 84' lang='lat' dir='ltr'><strong>discedensque</strong></span> <span class='ocrx_word' id='word_1_110' title='bbox 1279 1410 1361 1453; x_wconf 90' lang='lat' dir='ltr'><strong>per</strong></span> <span class='ocrx_word' id='word_1_111' title='bbox 1391 1397 1597 1442; x_wconf 84' lang='lat' dir='ltr'><strong>Parisios</strong></span> <span class='ocrx_word' id='word_1_112' title='bbox 1619 1411 1723 1443; x_wconf 73' lang='lat' dir='ltr'><strong>ver·</strong></span> 
     </span>
    </p>
   </div>
   <div class='ocr_carea' id='block_1_6' title="bbox 227 1459 1722 1538">
    <p class='ocr_par' dir='ltr' id='par_1_6' title="bbox 227 1459 1722 1538">
     <span class='ocr_line' id='line_1_19' title="bbox 227 1459 1722 1538; baseline 0.007 -39"><span class='ocrx_word' id='word_1_113' title='bbox 227 1473 411 1538; x_wconf 47' lang='grc' dir='ltr'><strong>ἷεᾶιιιωοιι</strong></span> <span class='ocrx_word' id='word_1_114' title='bbox 447 1473 528 1503; x_wconf 88' lang='lat' dir='ltr'><strong>sus</strong></span> <span class='ocrx_word' id='word_1_115' title='bbox 562 1459 779 1515; x_wconf 83' lang='lat' dir='ltr'><strong>Angliam</strong></span> <span class='ocrx_word' id='word_1_116' title='bbox 815 1461 905 1504; x_wconf 84' lang='lat' dir='ltr'><strong>iter</strong></span> <span class='ocrx_word' id='word_1_117' title='bbox 933 1475 1068 1505; x_wconf 90' lang='lat' dir='ltr'><strong>suum</strong></span> <span class='ocrx_word' id='word_1_118' title='bbox 1104 1462 1289 1507; x_wconf 82' lang='lat' dir='ltr'><strong>direxit.</strong></span> <span class='ocrx_word' id='word_1_119' title='bbox 1372 1463 1433 1508; x_wconf 81' lang='lat' dir='ltr'><strong>Bt</strong></span> <span class='ocrx_word' id='word_1_120' title='bbox 1460 1476 1586 1517; x_wconf 77' lang='lat' dir='ltr'><strong>ecce,</strong></span> <span class='ocrx_word' id='word_1_121' title='bbox 1614 1478 1722 1522; x_wconf 79' lang='lat' dir='ltr'><strong>pro-</strong></span> 
     </span>
    </p>
   </div>
   <div class='ocr_carea' id='block_1_7' title="bbox 227 1507 1723 1588">
    <p class='ocr_par' dir='ltr' id='par_1_7' title="bbox 227 1507 1723 1588">
     <span class='ocr_line' id='line_1_20' title="bbox 227 1507 1723 1588; baseline 0.008 -23"><span class='ocrx_word' id='word_1_122' title='bbox 227 1507 429 1566; x_wconf 58' lang='lat'><strong>„1212‘3&#39;122&#39;3‘”</strong></span> <span class='ocrx_word' id='word_1_123' title='bbox 447 1533 640 1571; x_wconf 82' lang='lat' dir='ltr'><strong>curante</strong></span> <span class='ocrx_word' id='word_1_124' title='bbox 671 1529 799 1583; x_wconf 86' lang='lat' dir='ltr'><strong>pacis</strong></span> <span class='ocrx_word' id='word_1_125' title='bbox 833 1529 1019 1581; x_wconf 62' lang='lat' dir='ltr'><strong>aemulo,</strong></span> <span class='ocrx_word' id='word_1_126' title='bbox 1051 1530 1344 1573; x_wconf 88' lang='lat' dir='ltr'><strong>immutatum</strong></span> <span class='ocrx_word' id='word_1_127' title='bbox 1382 1536 1455 1575; x_wconf 85' lang='lat' dir='ltr'><strong>est</strong></span> <span class='ocrx_word' id='word_1_128' title='bbox 1482 1544 1565 1575; x_wconf 88' lang='lat' dir='ltr'><strong>cor</strong></span> <span class='ocrx_word' id='word_1_129' title='bbox 1598 1545 1723 1588; x_wconf 72' lang='lat' dir='ltr'><strong>rogis</strong></span> 
     </span>
    </p>
   </div>
   <div class='ocr_carea' id='block_1_8' title="bbox 434 1594 1723 2587">
    <p class='ocr_par' dir='ltr' id='par_1_8' title="bbox 434 1594 1723 2587">
     <span class='ocr_line' id='line_1_21' title="bbox 451 1594 1723 1654; baseline 0.006 -17"><span class='ocrx_word' id='word_1_130' title='bbox 451 1594 751 1647; x_wconf 79' lang='lat' dir='ltr'><strong>Francorum,</strong></span> <span class='ocrx_word' id='word_1_131' title='bbox 794 1595 1142 1652; x_wconf 84' lang='lat' dir='ltr'><strong>conductusque</strong></span> <span class='ocrx_word' id='word_1_132' title='bbox 1185 1597 1308 1652; x_wconf 78' lang='lat' dir='ltr'><strong>regis</strong></span> <span class='ocrx_word' id='word_1_133' title='bbox 1355 1596 1543 1654; x_wconf 75' lang='lat' dir='ltr'><strong>Angliae</strong></span> <span class='ocrx_word' id='word_1_134' title='bbox 1581 1598 1723 1644; x_wconf 74' lang='lat' dir='ltr'><strong>dono·</strong></span> 
     </span>
     <span class='ocr_line' id='line_1_22' title="bbox 445 1662 1723 1724; baseline 0.005 -19"><span class='ocrx_word' id='word_1_135' title='bbox 445 1667 600 1716; x_wconf 80' lang='lat' dir='ltr'><strong>gatur,</strong></span> <span class='ocrx_word' id='word_1_136' title='bbox 644 1667 692 1704; x_wconf 88' lang='lat' dir='ltr'><strong>et</strong></span> <span class='ocrx_word' id='word_1_137' title='bbox 735 1662 894 1705; x_wconf 89' lang='lat' dir='ltr'><strong>littera</strong></span> <span class='ocrx_word' id='word_1_138' title='bbox 929 1663 1262 1707; x_wconf 83' lang='lat' dir='ltr'><strong>constabularii</strong></span> <span class='ocrx_word' id='word_1_139' title='bbox 1309 1664 1599 1710; x_wconf 77' lang='lat' dir='ltr'><strong>revocatoria</strong></span> <span class='ocrx_word' id='word_1_140' title='bbox 1638 1679 1723 1724; x_wconf 75' lang='lat' dir='ltr'><strong>per</strong></span> 
     </span>
     <span class='ocr_line' id='line_1_23' title="bbox 445 1728 1720 1787; baseline 0.006 -17"><span class='ocrx_word' id='word_1_141' title='bbox 445 1728 747 1783; x_wconf 84' lang='lat' dir='ltr'><strong>posteriorem</strong></span> <span class='ocrx_word' id='word_1_142' title='bbox 793 1729 999 1773; x_wconf 85' lang='lat' dir='ltr'><strong>litteram</strong></span> <span class='ocrx_word' id='word_1_143' title='bbox 1042 1731 1267 1783; x_wconf 88' lang='lat' dir='ltr'><strong>irritatur,</strong></span> <span class='ocrx_word' id='word_1_144' title='bbox 1309 1737 1358 1775; x_wconf 88' lang='lat' dir='ltr'><strong>et</strong></span> <span class='ocrx_word' id='word_1_145' title='bbox 1404 1745 1488 1787; x_wconf 85' lang='lat' dir='ltr'><strong>per</strong></span> <span class='ocrx_word' id='word_1_146' title='bbox 1530 1738 1720 1779; x_wconf 74' lang='lat' dir='ltr'><strong>consta·</strong></span> 
     </span>
     <span class='ocr_line' id='line_1_24' title="bbox 445 1795 1722 1854; baseline 0.005 -17"><span class='ocrx_word' id='word_1_147' title='bbox 445 1795 674 1838; x_wconf 89' lang='lat' dir='ltr'><strong>bularium</strong></span> <span class='ocrx_word' id='word_1_148' title='bbox 723 1795 1006 1839; x_wconf 86' lang='lat' dir='ltr'><strong>Vasconiam</strong></span> <span class='ocrx_word' id='word_1_149' title='bbox 1054 1797 1100 1839; x_wconf 87' lang='lat' dir='ltr'><strong>iu</strong></span> <span class='ocrx_word' id='word_1_150' title='bbox 1142 1810 1282 1841; x_wconf 87' lang='lat' dir='ltr'><strong>manu</strong></span> <span class='ocrx_word' id='word_1_151' title='bbox 1327 1800 1506 1854; x_wconf 86' lang='lat' dir='ltr'><strong>potenti</strong></span> <span class='ocrx_word' id='word_1_152' title='bbox 1546 1800 1722 1844; x_wconf 78' lang='lat' dir='ltr'><strong>intran-</strong></span> 
     </span>
     <span class='ocr_line' id='line_1_25' title="bbox 445 1862 1720 1921; baseline 0.005 -17"><span class='ocrx_word' id='word_1_153' title='bbox 445 1868 555 1914; x_wconf 89' lang='lat' dir='ltr'><strong>tem,</strong></span> <span class='ocrx_word' id='word_1_154' title='bbox 590 1862 862 1905; x_wconf 87' lang='lat' dir='ltr'><strong>custodibus</strong></span> <span class='ocrx_word' id='word_1_155' title='bbox 897 1869 945 1907; x_wconf 84' lang='lat' dir='ltr'><strong>et</strong></span> <span class='ocrx_word' id='word_1_156' title='bbox 974 1863 1198 1907; x_wconf 87' lang='lat' dir='ltr'><strong>ministris</strong></span> <span class='ocrx_word' id='word_1_157' title='bbox 1225 1865 1369 1921; x_wconf 86' lang='lat' dir='ltr'><strong>juxta</strong></span> <span class='ocrx_word' id='word_1_158' title='bbox 1400 1871 1606 1910; x_wconf 81' lang='lat' dir='ltr'><strong>tenorem</strong></span> <span class='ocrx_word' id='word_1_159' title='bbox 1642 1866 1720 1910; x_wconf 86' lang='lat' dir='ltr'><strong>lit·</strong></span> 
     </span>
     <span class='ocr_line' id='line_1_26' title="bbox 444 1930 1721 1989; baseline 0.004 -18"><span class='ocrx_word' id='word_1_160' title='bbox 444 1934 556 1971; x_wconf 80' lang='lat' dir='ltr'><strong>terae</strong></span> <span class='ocrx_word' id='word_1_161' title='bbox 591 1934 852 1984; x_wconf 62' lang='lat' dir='ltr'><strong>apportatas</strong></span> <span class='ocrx_word' id='word_1_162' title='bbox 896 1942 947 1972; x_wconf 88' lang='lat' dir='ltr'><strong>se</strong></span> <span class='ocrx_word' id='word_1_163' title='bbox 976 1930 1300 1983; x_wconf 87' lang='lat' dir='ltr'><strong>subdentibus,</strong></span> <span class='ocrx_word' id='word_1_164' title='bbox 1334 1932 1380 1974; x_wconf 90' lang='lat' dir='ltr'><strong>iu</strong></span> <span class='ocrx_word' id='word_1_165' title='bbox 1423 1944 1563 1976; x_wconf 86' lang='lat' dir='ltr'><strong>manu</strong></span> <span class='ocrx_word' id='word_1_166' title='bbox 1597 1933 1721 1989; x_wconf 71' lang='lat' dir='ltr'><strong>regis</strong></span> 
     </span>
     <span class='ocr_line' id='line_1_27' title="bbox 447 1995 1721 2057; baseline 0.005 -19"><span class='ocrx_word' id='word_1_167' title='bbox 447 1995 729 2038; x_wconf 84' lang='lat' dir='ltr'><strong>Francorum</strong></span> <span class='ocrx_word' id='word_1_168' title='bbox 784 1996 1012 2052; x_wconf 88' lang='lat' dir='ltr'><strong>accipitur</strong></span> <span class='ocrx_word' id='word_1_169' title='bbox 1063 2003 1189 2040; x_wconf 87' lang='lat' dir='ltr'><strong>terra</strong></span> <span class='ocrx_word' id='word_1_170' title='bbox 1238 2004 1370 2052; x_wconf 85' lang='lat' dir='ltr'><strong>tota;</strong></span> <span class='ocrx_word' id='word_1_171' title='bbox 1429 1999 1721 2057; x_wconf 77' lang='lat' dir='ltr'><strong>ministrique</strong></span> 
     </span>
     <span class='ocr_line' id='line_1_28' title="bbox 442 2062 1720 2120; baseline 0.005 -16"><span class='ocrx_word' id='word_1_172' title='bbox 442 2075 601 2105; x_wconf 88' lang='lat' dir='ltr'><strong>omnes</strong></span> <span class='ocrx_word' id='word_1_173' title='bbox 647 2062 770 2116; x_wconf 75' lang='lat' dir='ltr'><strong>regis</strong></span> <span class='ocrx_word' id='word_1_174' title='bbox 811 2062 1000 2117; x_wconf 79' lang='lat' dir='ltr'><strong>Angliae</strong></span> <span class='ocrx_word' id='word_1_175' title='bbox 1050 2070 1278 2120; x_wconf 81' lang='lat' dir='ltr'><strong>terraeque</strong></span> <span class='ocrx_word' id='word_1_176' title='bbox 1321 2065 1555 2118; x_wconf 84' lang='lat' dir='ltr'><strong>custodes,</strong></span> <span class='ocrx_word' id='word_1_177' title='bbox 1597 2066 1720 2111; x_wconf 78' lang='lat' dir='ltr'><strong>obsi-</strong></span> 
     </span>
     <span class='ocr_line' id='line_1_29' title="bbox 441 2129 1722 2184; baseline 0.005 -13"><span class='ocrx_word' id='word_1_178' title='bbox 441 2129 523 2172; x_wconf 90' lang='lat' dir='ltr'><strong>des</strong></span> <span class='ocrx_word' id='word_1_179' title='bbox 559 2135 607 2172; x_wconf 91' lang='lat' dir='ltr'><strong>et</strong></span> <span class='ocrx_word' id='word_1_180' title='bbox 638 2130 811 2184; x_wconf 84' lang='lat' dir='ltr'><strong>captivi</strong></span> <span class='ocrx_word' id='word_1_181' title='bbox 852 2130 1062 2173; x_wconf 87' lang='lat' dir='ltr'><strong>Parisios</strong></span> <span class='ocrx_word' id='word_1_182' title='bbox 1098 2130 1401 2175; x_wconf 88' lang='lat' dir='ltr'><strong>deducuntur.</strong></span> <span class='ocrx_word' id='word_1_183' title='bbox 1472 2131 1590 2177; x_wconf 78' lang='lat' dir='ltr'><strong>Post</strong></span> <span class='ocrx_word' id='word_1_184' title='bbox 1621 2133 1722 2178; x_wconf 76' lang='lat' dir='ltr'><strong>dies</strong></span> 
     </span>
     <span class='ocr_line' id='line_1_30' title="bbox 443 2196 1723 2255; baseline 0.005 -17"><span class='ocrx_word' id='word_1_185' title='bbox 443 2202 596 2239; x_wconf 83' lang='lat' dir='ltr'><strong>tamen</strong></span> <span class='ocrx_word' id='word_1_186' title='bbox 637 2196 818 2253; x_wconf 88' lang='lat' dir='ltr'><strong>aliquot</strong></span> <span class='ocrx_word' id='word_1_187' title='bbox 861 2196 1162 2240; x_wconf 86' lang='lat' dir='ltr'><strong>Eadmundus</strong></span> <span class='ocrx_word' id='word_1_188' title='bbox 1205 2200 1390 2253; x_wconf 57' lang='lat' dir='ltr'><strong>reffinas</strong></span> <span class='ocrx_word' id='word_1_189' title='bbox 1433 2200 1634 2255; x_wconf 72' lang='lat' dir='ltr'><strong>rogavit,</strong></span> <span class='ocrx_word' id='word_1_190' title='bbox 1667 2205 1723 2245; x_wconf 74' lang='lat' dir='ltr'><strong>ut</strong></span> 
     </span>
     <span class='ocr_line' id='line_1_31' title="bbox 434 2263 1719 2323; baseline 0.005 -17"><span class='ocrx_word' id='word_1_191' title='bbox 434 2263 579 2318; x_wconf 84' lang='lat' dir='ltr'><strong>juxta</strong></span> <span class='ocrx_word' id='word_1_192' title='bbox 618 2277 706 2306; x_wconf 88' lang='lat' dir='ltr'><strong>sua</strong></span> <span class='ocrx_word' id='word_1_193' title='bbox 743 2265 974 2319; x_wconf 86' lang='lat' dir='ltr'><strong>promissa</strong></span> <span class='ocrx_word' id='word_1_194' title='bbox 1008 2270 1056 2307; x_wconf 89' lang='lat' dir='ltr'><strong>et</strong></span> <span class='ocrx_word' id='word_1_195' title='bbox 1091 2266 1329 2320; x_wconf 84' lang='lat' dir='ltr'><strong>pactiones</strong></span> <span class='ocrx_word' id='word_1_196' title='bbox 1371 2266 1528 2319; x_wconf 86' lang='lat' dir='ltr'><strong>initas,</strong></span> <span class='ocrx_word' id='word_1_197' title='bbox 1562 2279 1719 2323; x_wconf 69' lang='lat' dir='ltr'><strong>regem</strong></span> 
     </span>
     <span class='ocr_line' id='line_1_32' title="bbox 446 2330 1721 2389; baseline 0.005 -17"><span class='ocrx_word' id='word_1_198' title='bbox 446 2330 657 2373; x_wconf 80' lang='lat' dir='ltr'><strong>Franciae</strong></span> <span class='ocrx_word' id='word_1_199' title='bbox 687 2331 1038 2387; x_wconf 89' lang='lat' dir='ltr'><strong>interpellarent</strong></span> <span class='ocrx_word' id='word_1_200' title='bbox 1064 2345 1205 2387; x_wconf 91' lang='lat' dir='ltr'><strong>super</strong></span> <span class='ocrx_word' id='word_1_201' title='bbox 1235 2333 1468 2377; x_wconf 86' lang='lat' dir='ltr'><strong>conductu</strong></span> <span class='ocrx_word' id='word_1_202' title='bbox 1501 2335 1599 2389; x_wconf 52' lang='lat' dir='ltr'><strong>re&amp;</strong></span> <span class='ocrx_word' id='word_1_203' title='bbox 1623 2332 1721 2379; x_wconf 73' lang='lat' dir='ltr'><strong>Aa·</strong></span> 
     </span>
     <span class='ocr_line' id='line_1_33' title="bbox 441 2397 1719 2452; baseline 0.005 -13"><span class='ocrx_word' id='word_1_204' title='bbox 441 2397 549 2451; x_wconf 78' lang='lat' dir='ltr'><strong>glioe</strong></span> <span class='ocrx_word' id='word_1_205' title='bbox 583 2397 897 2449; x_wconf 83' lang='lat' dir='ltr'><strong>concedendo,</strong></span> <span class='ocrx_word' id='word_1_206' title='bbox 927 2398 1149 2442; x_wconf 85' lang='lat' dir='ltr'><strong>citatione</strong></span> <span class='ocrx_word' id='word_1_207' title='bbox 1181 2400 1459 2452; x_wconf 83' lang='lat' dir='ltr'><strong>revocanda,</strong></span> <span class='ocrx_word' id='word_1_208' title='bbox 1492 2406 1618 2445; x_wconf 78' lang='lat' dir='ltr'><strong>terra</strong></span> <span class='ocrx_word' id='word_1_209' title='bbox 1646 2414 1719 2446; x_wconf 70' lang='lat' dir='ltr'><strong>ro·</strong></span> 
     </span>
     <span class='ocr_line' id='line_1_34' title="bbox 441 2464 1720 2515; baseline 0.005 -9"><span class='ocrx_word' id='word_1_210' title='bbox 441 2464 693 2515; x_wconf 81' lang='lat' dir='ltr'><strong>stituenda,</strong></span> <span class='ocrx_word' id='word_1_211' title='bbox 734 2471 782 2507; x_wconf 88' lang='lat' dir='ltr'><strong>et</strong></span> <span class='ocrx_word' id='word_1_212' title='bbox 822 2464 1062 2508; x_wconf 88' lang='lat' dir='ltr'><strong>obsidibus</strong></span> <span class='ocrx_word' id='word_1_213' title='bbox 1107 2465 1368 2510; x_wconf 83' lang='lat' dir='ltr'><strong>liberandis.</strong></span> <span class='ocrx_word' id='word_1_214' title='bbox 1458 2467 1564 2511; x_wconf 80' lang='lat' dir='ltr'><strong>Rex</strong></span> <span class='ocrx_word' id='word_1_215' title='bbox 1609 2481 1720 2512; x_wconf 79' lang='lat' dir='ltr'><strong>voro</strong></span> 
     </span>
     <span class='ocr_line' id='line_1_35' title="bbox 448 2531 1719 2587; baseline 0.005 -14"><span class='ocrx_word' id='word_1_216' title='bbox 448 2531 727 2575; x_wconf 82' lang='lat' dir='ltr'><strong>Francorum</strong></span> <span class='ocrx_word' id='word_1_217' title='bbox 758 2545 840 2587; x_wconf 87' lang='lat' dir='ltr'><strong>per</strong></span> <span class='ocrx_word' id='word_1_218' title='bbox 862 2531 1087 2587; x_wconf 86' lang='lat' dir='ltr'><strong>quosdam</strong></span> <span class='ocrx_word' id='word_1_219' title='bbox 1113 2533 1299 2585; x_wconf 87' lang='lat' dir='ltr'><strong>milites,</strong></span> <span class='ocrx_word' id='word_1_220' title='bbox 1323 2534 1489 2578; x_wconf 77' lang='lat' dir='ltr'><strong>missos</strong></span> <span class='ocrx_word' id='word_1_221' title='bbox 1515 2534 1575 2578; x_wconf 86' lang='lat' dir='ltr'><strong>ad</strong></span> <span class='ocrx_word' id='word_1_222' title='bbox 1600 2534 1719 2579; x_wconf 68' lang='lat' dir='ltr'><strong>Rud-</strong></span> 
     </span>
    </p>
   </div>
   <div class='ocr_carea' id='block_1_9' title="bbox 484 2633 1283 2641">
    <p class='ocr_par' dir='ltr' id='par_1_9' title="bbox 484 2633 1283 2641">
     <span class='ocr_line' id='line_1_36' title="bbox 484 2633 1283 2641; baseline 0.016 -5"><span class='ocrx_word' id='word_1_223' title='bbox 484 2633 1283 2641; x_wconf 56' lang='lat'>‚--———————--———-</span> 
     </span>
    </p>
   </div>
   <div class='ocr_carea' id='block_1_10' title="bbox 715 2691 1453 2736">
    <p class='ocr_par' dir='ltr' id='par_1_10' title="bbox 715 2691 1453 2736">
     <span class='ocr_line' id='line_1_37' title="bbox 715 2691 1453 2736; baseline 0.003 -9"><span class='ocrx_word' id='word_1_224' title='bbox 715 2691 724 2713; x_wconf 86' lang='lat'><strong>¹</strong></span> <span class='ocrx_word' id='word_1_225' title='bbox 748 2695 758 2713; x_wconf 86' lang='lat'>‘</span> <span class='ocrx_word' id='word_1_226' title='bbox 772 2694 965 2735; x_wconf 78' lang='lat' dir='ltr'><strong>providerat</strong></span> <span class='ocrx_word' id='word_1_227' title='bbox 977 2691 999 2735; x_wconf 64' lang='grc' dir='ltr'><strong>ς’</strong></span> <span class='ocrx_word' id='word_1_228' title='bbox 1025 2695 1173 2736; x_wconf 73' lang='lat' dir='ltr'><strong>wanting</strong></span> <span class='ocrx_word' id='word_1_229' title='bbox 1190 2697 1224 2727; x_wconf 84' lang='lat' dir='ltr'><strong>iu</strong></span> <span class='ocrx_word' id='word_1_230' title='bbox 1241 2695 1292 2729; x_wconf 74' lang='lat' dir='ltr'><strong>M.</strong></span> <span class='ocrx_word' id='word_1_231' title='bbox 1310 2695 1378 2729; x_wconf 75' lang='lat' dir='ltr'><strong>aad</strong></span> <span class='ocrx_word' id='word_1_232' title='bbox 1389 2697 1453 2729; x_wconf 73' lang='lat' dir='ltr'><strong>Ar.</strong></span> 
     </span>
    </p>
   </div>
  </div>
 </body>
</html>
