1930 3172
429 227 514 271 128
899 239 996 272 κιο.
1028 238 1223 271 ‘rain-ri

207 354 332 414 ξατο(
426 345 598 401 ignotae
650 345 852 399 regionis
907 345 1239 388 constitutione
1288 357 1392 387 cum
1444 356 1533 388 sua
1580 352 1704 389 com·

281 406 288 412 ’
426 411 642 468 plexione
682 411 880 454 naturali
913 411 1098 455 minime
1131 411 1455 454 concordante.
1524 409 1707 456 Invita-

426 484 503 523 tus
525 478 822 522 nibilominus
851 491 934 534 per
956 491 1111 533 regem
1147 478 1355 521 Francia>
1386 478 1446 521 ad
1477 477 1704 523 assultum

426 545 703 597 faciendum,
747 558 850 588 cum
893 558 944 588 se
988 545 1149 588 morbo
1187 550 1450 596 excusaret,
1487 545 1587 601 ipse
1619 554 1705 588 rex

428 612 638 655 Franciae
657 613 703 655 in
722 613 902 655 octavis
920 612 969 655 S.
990 611 1021 655 J
1025 613 1190 655 oannis
1212 607 1458 668 'Baptista
1478 623 1583 655 cum
1605 611 1706 655 culs

427 679 528 722 urbi
569 680 695 722 dedit
731 679 968 722 insultum.
1038 678 1128 722 Sed
1166 691 1272 722 cum
1312 691 1402 722 non
1448 678 1706 734 proliceret,

426 746 539 801 quin
571 746 710 788 immo
741 744 980 788 machinas
1010 754 1058 788 et
1081 745 1176 788 alia
1205 746 1514 788 instrumenta
1541 744 1707 789 bellica

209 822 342 849 aar»...
427 812 534 866 igne
556 811 726 854 Graeco
746 817 962 867 correpta
991 811 1207 867 dissipari
1238 824 1322 867 per
1349 807 1552 855 'Turcos
1571 811 1706 863 vidit,

208 856 343 919 ‘i'z'sffl‘m
427 891 486 920 ex
537 879 676 921 taedio
715 879 762 920 in
806 878 1075 933 languorem
1121 877 1291 920 dicitur
1329 876 1568 931 incidisse3
1611 877 1708 923 dtu

209 923 323 989 333¹?
429 951 582 988 tamen
612 945 943 989 convalescens
971 945 1136 987 iterum
1160 944 1339 987 civitati
1362 944 1445 987 dat
1466 943 1706 997 insultu..

427 1012 501 1055 cui
546 1012 800 1055 intererant
836 1011 1043 1055 homines
1078 1011 1202 1065 regis
1240 1010 1447 1054 Ricardi.
1517 1010 1580 1056 Bt
1605 1010 1708 1068 ipse

428 1078 631 1134 quidem,
662 1079 771 1122 licet
794 1078 930 1135 plene
961 1092 1052 1122 non
1074 1077 1379 1129 convaluerit,
1399 1077 1706 1133 gerendorum

428 1151 582 1189 tamen
616 1145 860 1197 sollicitus,
894 1158 946 1188 se
982 1145 1093 1188 illuc
1123 1145 1171 1187 in
1200 1140 1413 1188 ’culcitra
1449 1145 1600 1189 serica
1626 1144 1705 1188 de*

429 1212 603 1268 portari
626 1212 764 1266 secit3
796 1212 1053 1267 sedensque
1073 1212 1232 1254 subter
1248 1211 1426 1255 tricleia
1445 1222 1548 1264 sna,
1569 1210 1706 1268 eujus

428 1283 529 1322 erat
553 1279 728 1335 peritus
749 1280 966 1322 utebatur
995 1278 1180 1329 balista,
1215 1278 1350 1335 cnjus
1375 1277 1538 1333 jaculo
1566 1277 1708 1322 snm.-

428 1347 529 1389 ceni
574 1346 831 1402 cujusdam,
875 1346 956 1401 qui
997 1346 1045 1387 in
1083 1345 1224 1388 armis
1257 1345 1417 1388 militis
1453 1344 1706 1389 Christiani

430 1425 577 1468 nuper
616 1413 756 1455 occisi
801 1412 1151 1467 gloriabundus,
1188 1411 1236 1453 in
1274 1411 1563 1456 eminentiori
1603 1410 1708 1456 loco

430 1480 547 1522 muri
591 1479 650 1522 ad
687 1480 906 1522 invidiam
938 1478 1304 1523 Christianorum
1339 1490 1391 1521 se
1425 1477 1708 1531 ostenderat,

431 1546 632 1601 pectoris
653 1546 809 1602 ampla
831 1545 1083 1589 transfixit.
1127 1545 1337 1600 Cumque
1357 1551 1507 1588 turres
1525 1550 1575 1589 et
1588 1544 1708 1589 muri

430 1614 634 1656 civitatis
663 1626 725 1656 ex
751 1625 845 1655 una
869 1619 1010 1668 parte
1042 1624 1125 1667 per
1150 1611 1387 1655 machinas
1414 1612 1537 1667 regis
1560 1611 1709 1656 Fran·

430 1680 531 1731 ciae,
555 1685 603 1723 et
625 1693 685 1722 ex
710 1680 804 1723 alia
833 1685 965 1735 parte
995 1691 1077 1735 per
1105 1678 1344 1722 machinas
1371 1678 1494 1734 regis
1518 1677 1708 1735 Anglin

214 1757 343 1817 Ἧι
357 1757 398 1805 “3‘
429 1746 719 1789 diruerentur
730 1753 777 1789 et
792 1751 1227 1801 conquassarentur,
1248 1745 1466 1788 Saraceni
1483 1745 1711 1801 quiintoe

211 1797 246 1816 ⁸⁸¹
330 1798 377 1819 '⁷'
429 1819 577 1864 erant,
597 1813 751 1855 missis
777 1813 835 1855 ad
858 1825 992 1866 reges
1010 1811 1193 1866 legatis,
1217 1811 1448 1866 petierunt
1468 1810 1707 1865 inducinsg

429 1879 709 1934 spondentes
728 1878 852 1935 quod
874 1879 962 1921 nisi
977 1878 1225 1922 Saladinns
1242 1874 1354 1920 ⁴cito
1369 1878 1438 1920 eis
1456 1877 1712 1922 destinaret

430 1945 728 2002 adJutorium‚
767 1946 1002 1989 civitatem
1042 1944 1301 1995 redderent,
1338 1957 1395 1987 ea
1430 1944 1708 1995 conditione,

431 2018 483 2055 ut
513 2013 690 2055 obsessi
727 2012 869 2055 libere
900 2012 1082 2055 abirent
1108 2024 1212 2054 cum
1249 2011 1391 2053 armis
1417 2016 1467 2055 et
1499 2010 1711 2055 omnibus

213 2090 406 2149 {Raissc'm
431 2092 536 2135 quae
559 2085 692 2122 erant
714 2092 889 2122 eorum.
958 2078 1049 2122 Sed
1080 2091 1138 2120 ne
1167 2077 1273 2120 huic
1308 2077 1520 2133 petitioni
1550 2089 1710 2122 assen-

214 2130 382 2183 surum-⁰⁸
433 2146 614 2198 tiretur,
626 2146 806 2189 obstitit
826 2159 908 2188 rex
932 2144 1189 2196 Ricardus;
1220 2156 1433 2187 asserem
1453 2156 1556 2188 esse
1571 2145 1711 2189 nimis

432 2226 577 2267 grave
597 2219 704 2269 post
726 2213 844 2255 tanti
877 2212 1098 2268 temporis
1127 2211 1405 2254 laboriosam
1426 2210 1709 2255 obsidione-

434 2281 606 2323 intrare
627 2292 819 2322 vacuam
843 2280 1096 2322 civitatem.
1167 2277 1388 2332 Regressi
1418 2277 1577 2333 igitur,
1599 2290 1711 2322 con—

433 2347 649 2401 sultoque
670 2359 752 2401 per
774 2346 1084 2388 internuntios
1106 2344 1328 2387 Saladino
1347 2344 1453 2402 (qui
1473 2345 1713 2389 munanda-

435 2414 502 2454 vit
522 2419 573 2455 ut
594 2426 751 2467 pacem
773 2412 976 2455 facerent
1002 2425 1140 2467 quam
1169 2409 1398 2467 possent),
1422 2412 1588 2454 iterum
1617 2411 1711 2456 die-

436 2479 520 2521 bus
542 2479 774 2534 aliquibus
805 2478 977 2533 elapsis
1007 2478 1192 2532 regibus
1217 2477 1502 2530 obtulerunt,
1523 2482 1576 2521 ut
1597 2477 1712 2522 civi·

437 2551 575 2588 tatem
608 2546 755 2601 ipsam
789 2545 1046 2596 redderent,
1077 2550 1123 2586 et
1144 2557 1325 2587 crucem
1356 2543 1540 2600 duoque
1567 2542 1713 2588 minis

484 2679 491 2698 ¹
518 2682 528 2699 ‘
545 2677 726 2722 Baptista?
743 2681 773 2712 is
788 2679 871 2713 from
889 2680 970 2713 Ced.
982 2679 1033 2712 M.
1140 2677 1154 2698 ⁸
1175 2680 1186 2697 ‘
1200 2679 1326 2711 culcita
1338 2675 1357 2718 ς’
1374 2674 1465 2711 ΠΛ.

482 2727 493 2744 ¹
517 2733 526 2744 ⁴
542 2728 672 2760 'rm-oo·
684 2724 704 2766 ;'
750 2723 862 2760 flair-
901 2726 1058 2759 emenda·

434 2775 523 2806 tion:
550 2777 558 2791 ⁸
573 2779 681 2806 turres
694 2773 716 2811 ς’
736 2775 815 2807 Cod.
830 2774 915 2814 Rq,
1141 2772 1154 2791 ⁴
1175 2774 1185 2790 ⁴
1198 2768 1337 2811 citu-13·
1363 2771 1413 2805 Π.
1427 2775 1459 2804 et
1477 2771 1539 2804 Ar.
