1930 3172
452 392 736 436 suadendum
759 393 804 434 in
826 393 964 435 rebus
985 406 1076 435 non
1098 393 1242 436 defuit
1266 393 1551 448 perorandis.
1610 393 1728 439 Bra·

452 458 658 502 chiorum
684 459 741 502 ad
775 460 1115 515 proportionem
1140 461 1347 515 corporis
1372 459 1589 504 flexibilis
1620 474 1725 518 pro·

451 525 624 577 ductio,
660 527 828 582 quibus
860 526 1107 569 vivacitate
1138 526 1323 570 nervica
1353 526 1482 570 nulla
1511 533 1646 572 eraut
1666 528 1726 572 ad

452 605 584 635 usum
611 593 754 647 gladii
778 593 987 648 aptiora:
1022 598 1183 648 pectus
1213 594 1361 636 ventri
1385 594 1731 649 praeeminebat,

452 659 759 715 tibiarumque
774 659 913 713 longa
925 659 1107 711 divisio,
1119 672 1341 715 equorum
1359 660 1579 704 nobilium
1587 673 1725 704 cursu

450 731 496 768 et
519 726 661 776 saltu,
682 726 876 768 sessoris
901 725 1164 769 firmitatem
1189 726 1424 782 probibuit
1443 726 1681 772 infirmari.

232 807 376 835 sunm·-
518 791 635 835 Cum
659 797 846 835 vacaret
867 792 927 834 ab
941 792 1098 843 armis,
1115 792 1438 836 venationibus
1458 799 1553 837 tam
1569 794 1724 838 avium

231 849 285 868 ‘¹‘
449 871 588 913 quam
621 859 819 901 serarum
853 858 1140 913 indulgebat,
1169 864 1216 902 et
1241 860 1442 902 maxime
1467 872 1726 912 cervorum,

447 938 565 981 quos
589 927 633 967 in
657 926 789 981 equis
807 921 1098 967 'cursoribus
1130 925 1309 981 insequi
1332 926 1529 979 solebat,
1548 925 1727 982 gladio·

446 1005 538 1047 que
563 992 662 1035 vice
689 991 903 1035 venabuli
924 991 1166 1035 confodere
1190 992 1518 1048 apprehensos.
1574 991 1726 1047 Quem

447 1060 720 1102 commorari
755 1059 802 1101 in
843 1060 1129 1114 protectione
1165 1059 1257 1102 Dm
1293 1059 1507 1103 altissimi
1544 1060 1728 1106 notissi-

449 1138 572 1168 mum
616 1139 719 1169 esse
761 1126 948 1181 poterit,
984 1139 1075 1169 non
1115 1125 1252 1169 modo
1291 1126 1415 1182 quod
1455 1125 1725 1171 adolescens

447 1205 553 1234 cum
583 1192 729 1235 milite
763 1191 964 1248 quodam
997 1193 1043 1235 in
1082 1205 1266 1235 camera
1302 1193 1587 1239 testudinata
1617 1193 1727 1238 ludo

447 1260 666 1302 scaccarii
689 1265 960 1314 occupatus,
990 1260 1145 1302 subito
1175 1259 1303 1302 nulla
1332 1260 1576 1304 occasione
1604 1273 1724 1317 prm-

446 1326 561 1368 stita
595 1327 716 1368 inter
747 1325 997 1368 ludendum
1031 1339 1228 1380 surgens
1255 1326 1549 1379 discesserat,
1580 1325 1724 1385 lapis-

446 1405 539 1447 que
577 1393 814 1435 immensae
849 1392 1197 1446 magnitudinis,
1233 1394 1314 1449 qui
1347 1393 1584 1438 sedentum
1615 1406 1728 1439 cou-

447 1464 731 1514 quassasset,
770 1459 816 1501 in
847 1459 1007 1502 eodem
1038 1459 1141 1503 loco
1171 1455 1440 1513 ’ceciderit;
1471 1460 1553 1505 sed
1572 1461 1723 1506 vario·

448 1539 548 1568 rum
582 1526 884 1582 periculorum
916 1538 1021 1582 quae
1046 1526 1315 1570 multotiens
1344 1527 1554 1579 incurrit,
1574 1526 1656 1586 (ut
1675 1528 1724 1572 iu

447 1593 750 1649 sequentibus
778 1599 940 1648 notare
971 1594 1143 1648 poterit
1172 1593 1370 1648 diligens
1399 1592 1568 1651 lector)
1592 1595 1722 1639 exitu

234 1682 355 1707 numm
448 1659 700 1703 fortunato.
773 1660 929 1702 Inerat
949 1661 992 1703 ei
1013 1660 1196 1703 animus
1220 1660 1510 1715 magnificus,
1530 1660 1725 1718 injuria.-

230 1716 322 1748 ῬΜ
450 1739 550 1769 rum
573 1727 837 1782 impatiens,
859 1726 1166 1782 periculorum
1190 1727 1399 1771 oblivisci
1422 1740 1595 1783 cogens
1615 1727 1725 1772 dum

449 1789 697 1836 ⁴vindicari
737 1799 943 1848 cuperet,
976 1794 1056 1848 qui
1099 1800 1251 1837 tamen
1287 1794 1423 1838 facile
1464 1794 1725 1839 humilitate

449 1859 658 1903 exhibita
705 1861 857 1915 potuit
903 1859 1114 1902 emolliri.
1197 1859 1315 1903 Cum
1355 1861 1477 1903 enim
1520 1866 1727 1917 tempore

450 1925 649 1981 quodam
678 1925 821 1982 juxta
854 1925 1088 1980 quandam
1132 1926 1348 1981 ripariam
1376 1926 1609 1971 falconum
1640 1940 1723 1972 eu·

449 1993 588 2048 cupio
617 2005 669 2035 se
701 1998 955 2043 exerceret,
982 2005 1122 2035 unum
1154 1992 1212 2035 de
1241 1994 1487 2037 comitibus
1516 1994 1631 2047 suis,
1662 2007 1724 2039 ex

450 2059 599 2102 altera
621 2065 754 2115 parte
778 2059 906 2102 fluvii
929 2058 1239 2113 negligentius
1261 2073 1311 2103 se
1335 2059 1579 2105 habentem
1600 2061 1726 2106 circa

451 2125 694 2177 falconem,
728 2126 808 2181 qui
844 2131 1031 2168 anatem
1062 2126 1185 2168 inter
1221 2126 1388 2170 salices
1425 2127 1726 2184 corripuerat,

450 2194 635 2247 arguit3
672 2198 719 2235 et
759 2193 991 2247 argutioni
1034 2193 1203 2244 minus,
1244 2198 1298 2236 ut
1330 2193 1590 2247 videbatur,
1618 2194 1726 2239 obe-

451 2260 595 2302 dienti
623 2260 774 2302 minas
801 2259 985 2315 adjecit.
1055 2258 1122 2302 At
1145 2259 1223 2302 ille
1241 2260 1487 2304 attendens
1507 2273 1593 2305 nec
1609 2274 1727 2318 pou·-

453 2332 543 2369 tem
575 2339 661 2369 nec
687 2326 856 2368 vadum
889 2326 1143 2368 consistere
1182 2327 1230 2370 in
1268 2327 1545 2384 propinquo,
1577 2327 1726 2372 facilia-

452 2399 550 2435 tate
569 2392 768 2448 quadam
792 2392 1046 2447 respondit,
1065 2392 1162 2435 Sibi
1186 2392 1395 2437 sufficere
1415 2394 1539 2450 quod
1561 2407 1644 2439 eos
1664 2395 1725 2439 ab

451 2460 646 2502 invicem
674 2459 844 2502 fluvius
871 2458 1131 2502 dividebat:
1163 2473 1257 2515 quo
1278 2466 1584 2516 exasperatus
1606 2461 1728 2506 filius
1915 2443 1930 2550 1

451 2527 590 2580 regis,
613 2539 782 2580 aquam
808 2526 980 2580 ignotae
1003 2526 1328 2581 profunditatis
1351 2527 1588 2582 ingressus
1609 2540 1728 2584 equo

452 209 540 253 282
935 221 1030 255 mc.
1062 221 1258 254 waiva-ri
1412 203 1424 214 '
1926 173 1930 217 ἶ

453 338 548 380 gua
586 326 746 377 bloesa,
781 326 854 368 cui
892 321 1068 369 'tamen
1094 325 1259 369 efficax
1290 326 1507 371 facundia
1539 327 1597 371 ad
1627 340 1730 385 per·
1790 241 1930 530 Ι

498 2633 507 2654 ¹
531 2631 877 2673 ‘attsmen;'Ar-.22⁰.
888 2634 1071 2674 ninus„
1153 2633 1167 2653 ¹
1191 2638 1200 2652 ⁸
1211 2637 1370 2669 cursibus
1383 2632 1403 2677 ;’
1419 2633 1510 2670 ΠΛ.

448 2681 733 2768 ξεπυοζῃῖἑῖ.
746 2684 899 2769 m
917 2680 1167 2761 ἓτεῗῃθῐ,
1187 2706 1198 2723 ‘
1209 2705 1372 2738 occiderit
1381 2701 1402 2745 ς’
1419 2700 1463 2738 1?
1464 2703 1509 2737 A.
1519 2705 1554 2737 d
1569 2702 1677 2737 '88-
1924 2757 1930 2786 Ι

453 2774 647 2807 &iv-¹1¹1
1153 2770 1393 2814 “sudio-rie
1408 2768 1584 2806 meur.
1918 2782 1923 2788 ·
