1930 3172
266 1300 344 1334 Kln.
355 1299 453 1335 nm,

264 1341 403 1362 murana

264 1369 402 1401 omns.

273 2355 453 2389 Esannsks

270 2397 300 2448 1⁸12
312 2423 407 2455 stt-ny.

474 235 534 279 6⁴
951 245 1048 279 mc.
1079 243 1277 277 ratvari

475 356 671 407 scopam
695 350 1043 407 Andegavensi.
1116 350 1290 394 Postea
1312 363 1438 402 vero,
1458 362 1563 393 cum
1585 348 1758 394 Gala-l-

475 417 564 461 dus
595 417 875 462 Perticensis
910 424 958 461 et
990 417 1144 462 David
1177 417 1540 461 Cenomanensis
1566 416 1759 460 comites

474 490 639 529 contra
672 485 868 528 eundem
903 498 1056 540 regem
1090 483 1379 535 rebellarent,
1401 483 1561 527 eodem
1590 482 1759 527 comite

478 550 817 605 Andegavense
871 551 1138 608 adJuvante,
1186 550 1366 594 obsedit
1418 563 1501 594 rex
1554 554 1759 593 castrum

481 613 780 671 'Meritoniae,
830 618 954 673 qnod
998 624 1102 661 erat
1140 618 1324 661 comitis
1367 616 1667 668 Perticensis,
1709 619 1759 660 et

477 685 601 740 cepit
620 697 631 727 :
664 690 711 727 et
732 685 842 739 quia
867 684 1020 727 David
1042 683 1420 734 Cenomanensis,
1448 689 1672 727 evocatus
1694 681 1755 725 ad

478 763 632 805 regem
679 750 906 802 Francioe,
951 751 1108 793 venire
1158 750 1454 806 contempsit,
1496 749 1625 793 dedit
1671 761 1754 792 rex

478 816 674 871 praesato
704 817 861 859 comiti
880 816 1208 871 Andegavensi
1240 815 1505 871 homagium
1523 815 1665 866 illins,
1686 810 1758 858 'et

478 883 628 938 ipsam
649 882 903 934 civitatem,
924 888 972 925 et
993 881 1212 938 quicquid
1234 881 1434 925 habebat
1455 882 1503 925 in
1530 880 1759 925 Cenoma-

480 949 610 993 nensi
649 949 932 1005 episcopatu.
1018 948 1254 992 Heni-icus
1296 947 1435 991 etiam
1476 946 1600 991 filius
1635 946 1760 1003 regis

480 1013 741 1069 Anglorum
778 1015 888 1059 fecit
922 1014 1185 1071 homagium
1218 1013 1454 1070 Philippo,
1484 1013 1580 1058 filio
1610 1012 1759 1058 Lodo-

479 1081 570 1124 vici
608 1082 731 1135 regis
765 1081 1076 1135 Francornm;
1115 1087 1163 1125 et
1198 1080 1439 1124 Galsridus
1474 1080 1597 1124 iilius
1635 1079 1760 1135 Ψ

480 1146 685 1202 Angliae,
706 1147 901 1204 jubente
931 1154 1080 1204 patre,
1106 1148 1215 1191 fecit
1243 1147 1506 1203 homagium
1535 1146 1760 1199 Heni-loo,

481 1214 614 1258 fratri
636 1227 737 1265 suo,
758 1214 815 1257 de
838 1215 1010 1258 ducatu
1033 1214 1305 1258 Britanniae.

542 1280 649 1324 Rex
697 1280 932 1324 Henricns
975 1282 1023 1324 in
1058 1281 1338 1325 Vasconiam
1381 1280 1631 1336 profectus,
1678 1278 1760 1323 de-

482 1348 672 1392 structis
694 1347 852 1391 multis
881 1348 1102 1400 castellis,
1125 1361 1231 1403 quae
1258 1353 1421 1391 contra
1446 1359 1551 1391 eum
1578 1346 1760 1391 munita

483 1419 632 1467 erant,
665 1409 880 1458 ⁸comites
911 1414 1333 1470 Engolismensinm
1363 1419 1411 1457 et
1441 1414 1500 1457 de
1531 1412 1761 1465 Maronia,

483 1480 745 1536 multosque
779 1481 913 1531 alios,
943 1481 1001 1523 ad
1034 1494 1193 1536 pacem
1224 1481 1382 1524 venire
1411 1480 1580 1535 coegit.
1649 1478 1760 1524 Gal-

484 1547 630 1591 i'ridns
658 1547 780 1590 filius
810 1547 932 1602 regis
955 1545 1140 1602 Angliae
1170 1547 1217 1589 in
1241 1547 1534 1590 Britanniam
1554 1545 1763 1599 venIens,

485 1612 693 1657 Redonis
723 1613 972 1657 honorifice
1001 1621 1262 1669 susceptus,
1284 1613 1459 1669 recepit
1485 1612 1653 1656 ibidem
1683 1611 1762 1657 ho-

483 1681 640 1735 magia
665 1685 713 1724 et
743 1680 988 1723 fidelitates
1022 1681 1246 1723 baronum
1271 1684 1319 1723 et
1353 1678 1551 1723 militnm
1578 1678 1763 1724 Britan·

485 1760 664 1790 norum.
737 1746 843 1790 Rex
869 1746 1105 1790 Henricus
1125 1746 1234 1789 fecit
1254 1745 1431 1789 fossata
1456 1746 1555 1789 alta
1579 1750 1628 1789 et
1646 1745 1761 1798 lata,

483 1813 606 1855 inter
627 1812 871 1856 Franciam
893 1818 941 1856 et
969 1812 1322 1863 Normanniam,
1348 1812 1407 1854 ad
1428 1811 1670 1867 praedones
1690 1825 1762 1855 ar-

484 1878 669 1922 cendos.
741 1878 798 1922 In
828 1892 950 1935 pago
978 1879 1118 1922 etiam
1150 1877 1495 1932 Andegavensi,
1524 1890 1665 1934 super
1686 1877 1763 1922 Li-

484 1946 645 2000 gerim,
669 1945 727 1988 ad
750 1945 995 1989 arcendam
1015 1957 1202 2000 aquam,
1224 1957 1329 2000 quae
1350 1957 1523 1988 messes
1543 1943 1767 2000 perdebat

485 2017 533 2055 et
569 2017 720 2067 prata,
758 2012 866 2055 fecit
899 2011 1111 2067 qnaedam
1147 2010 1419 2062 retinacula,
1452 2023 1558 2066 quae
1593 2011 1764 2054 torcias

487 2084 672 2129 vocant,
707 2091 789 2134 per
830 2079 1022 2133 triginta
1056 2077 1279 2131 miliaria;
1328 2076 1557 2120 aedificare
1591 2076 1764 2122 faciens

486 2145 748 2187 mansiones
784 2145 1038 2195 hominum,
1067 2144 1149 2200 qui
1170 2140 1364 2187 ⁴torcias
1397 2148 1623 2196 tenerent,
1645 2156 1764 2200 quos

486 2211 593 2254 fecit
613 2211 782 2254 liberos
803 2211 861 2255 de
878 2211 1087 2255 exercitu
1115 2216 1163 2254 et
1191 2210 1313 2262 aliis,
1342 2222 1447 2266 quaa
1474 2209 1767 2266 pertinebant

486 2277 544 2320 ad
567 2277 743 2320 fiscum.

554 2343 738 2393 Catina,
762 2344 930 2387 civitas
951 2344 1138 2396 Siciliae,
1162 2349 1297 2387 terrae
1322 2349 1453 2386 motu
1473 2355 1701 2388 concussa
1718 2347 1768 2388 et

488 2414 723 2465 prostrata
745 2415 832 2460 est,
854 2410 921 2452 ita
943 2410 1064 2465 quod
1088 2411 1134 2453 in
1159 2423 1214 2453 ea
1237 2410 1420 2465 plurimi
1445 2409 1694 2466 perierunt.

538 2585 547 2605 ⁸
576 2582 641 2615 See
682 2586 758 2614 note
794 2582 915 2622 above,
949 2580 994 2613 ad
1030 2590 1109 2614 ann.
1193 2579 1768 2619 '‘Comiien’omittsdhllmnd

490 2632 587 2663 ”⁶⁹⁶
1145 2626 1207 2693 ⁴⁴2⁹
1228 2673 1306 2706 suu
1343 2672 1469 2715 ωιιαι,
1504 2672 1687 2715 mai-3
1733 2676 1769 2708 ιο

535 2721 549 2741 ·
570 2721 724 2755 Omitted
753 2722 787 2754 in
805 2717 1048 2754 nnana.
1075 2723 1111 2753 ω
1147 2717 1378 2762 D'Acherins,
1409 2720 1476 2753 ne·
1506 2720 1633 2753 mm
1658 2719 1704 2753 aa
1733 2720 1768 2753 ιι

489 2769 646 2811 ‘jubente
660 2764 780 2810 pauo?
1149 2766 1258 2799 [aire.
