1930 3172
307 627 392 657 0⁰00.
406 627 455 653 nu

355 661 507 720 „13⁸⁸”

524 230 613 274 224
1016 240 1111 273 mc.
1134 241 1332 274 τκινιιτι

1326 364 1533 389 'BA-mlu-
1579 364 1768 391 Amm-

1401 423 1452 495 lv!-

597 549 881 601 Ronsn‘rUS,
909 563 1157 604 germanus
1188 551 1310 605 regis
1342 550 1570 603 Francioe,
1598 549 1799 595 Atreba-

527 617 672 659 teusis
705 630 859 659 comes
898 615 1109 661 efficitur.
1196 617 1339 669 Otho,
1376 618 1645 674 apostolico
1674 617 1799 663 ndi·

306 702 353 752 ὀι-
445 699 473 720 n
527 683 708 737 legatus
740 684 785 726 in
821 683 1010 737 Aufidia,
1043 696 1146 726 cum
1182 684 1228 726 in
1265 685 1454 728 abbatia
1489 684 1547 728 de
1582 683 1799 741 enemy·

311 1228 402 1255 nuth
414 1228 470 1255 und

308 1262 443 1288 mot·
454 1262 486 1288 d

310 1296 470 1322 Alexander

309 1330 410 1362 bium
420 1330 453 1355 o!

308 1363 434 1390 chent«.

520 750 663 805 juxta
701 749 934 792 Oxoniam
976 756 1187 805 receptus
1230 750 1409 803 suisset,
1445 764 1475 794 a
1510 750 1799 795 scholaribus

528 816 727 859 Oxoniae
763 817 980 859 obsessus
1020 821 1067 859 et
1105 817 1327 860 insultum
1365 830 1545 873 passus,
1578 817 1638 861 ad
1672 830 1799 862 cam·

528 883 681 938 panile
705 883 983 938 transfugit3
1015 882 1095 938 qui
1126 889 1288 938 postea
1310 883 1563 927 Londoniis
1587 884 1636 927 iu
1662 883 1799 929 ncho-

528 950 648 993 lares
712 950 912 993 Oxonioe
974 950 1251 992 sententiam
1307 950 1799 996 excommunicationis

527 1017 807 1068 fulminavit,
827 1016 1124 1072 studiumque
1153 1016 1386 1072 dispersit.
1457 1016 1595 1062 Unde
1623 1017 1797 1064 soem

526 1090 615 1135 est,
652 1091 704 1127 ut
741 1084 926 1140 quidam
959 1083 1116 1126 villam
1159 1083 1579 1140 Northamptonioe‚
1609 1083 1797 1141 quidam

528 1164 694 1193 novam
716 1152 953 1194 civitatem
977 1150 1142 1193 Sarum
1163 1150 1388 1205 elegerint
1411 1151 1469 1194 ad
1494 1150 1786 1196 studendum.

596 1217 725 1260 Obiit
759 1213 1065 1268 'Alexander,
1102 1217 1362 1261 Cesti-ensis
1398 1218 1675 1275 episcopum
1716 1219 1799 1275 qui

527 1298 631 1327 cum
657 1284 907 1340 aliquando
929 1284 1146 1327 Tholosae
1179 1285 1224 1327 in
1253 1285 1488 1340 theologia
1516 1290 1713 1341 regeret,
1735 1298 1796 1329 ex

527 1352 703 1395 visione
726 1357 902 1407 septem
925 1351 1164 1395 stellarum
1199 1352 1286 1395 sibi
1310 1352 1554 1396 dormienti
1587 1358 1798 1396 ostensa·

528 1432 645 1470 rum,
666 1420 851 1461 beatum
885 1419 1177 1461 Dominicum
1199 1432 1303 1461 cum
1334 1432 1418 1461 sex
1449 1419 1588 1463 sociis
1612 1418 1798 1463 scholas

526 1499 637 1527 suas
660 1485 861 1541 quodam
882 1485 956 1527 die
990 1485 1239 1528 intrantem
1270 1486 1505 1540 cognovit.
1576 1484 1672 1539 Qui
1692 1498 1798 1530 cum

528 1566 669 1608 super
695 1552 964 1608 psalterium
997 1552 1209 1607 postillae
1244 1553 1483 1604 scriberet,
1503 1565 1645 1610 super
1667 1552 1799 1596 illum

530 1633 731 1670 versum,
782 1624 794 1643 ‘
820 1619 1143 1663 Misericordia
1185 1625 1232 1662 et
1276 1620 1450 1663 veritas
1493 1620 1800 1664 obviaverunt

529 1687 633 1738 sibi,
651 1687 839 1742 justitia
862 1692 909 1730 et
936 1698 1029 1741 pax
1060 1686 1283 1729 osculatae
1313 1680 1476 1738 sunt,'’
1498 1686 1639 1730 talem
1669 1685 1801 1743 pouit

530 1754 878 1796 narrationem:
940 1758 953 1775 ‘
973 1752 1210 1796 Scholaris
1260 1753 1448 1809 quidam
1492 1753 1800 1798 Bononiensis

531 1820 645 1863 bene
675 1821 945 1870 instructus,
981 1819 1062 1862 sed
1089 1820 1284 1862 vanitati
1318 1819 1566 1863 admodum
1599 1820 1800 1872 deditus,

529 1887 732 1942 quadam
775 1891 910 1929 nocte
951 1885 1068 1929 vidit
1110 1887 1157 1929 in
1197 1886 1372 1929 somnis
1412 1900 1464 1930 se
1505 1887 1552 1930 in
1595 1886 1799 1943 quodam

529 1966 696 2008 campo
727 1958 1001 2008 tempestate
1038 1952 1179 1995 nimia
1208 1952 1605 2008 comprehensum.
1674 1952 1799 1996 Gon-

532 2020 712 2074 sugiens
731 2033 840 2063 vero
861 2019 919 2062 ad
942 2018 1173 2075 quandam
1198 2019 1400 2072 domum,
1424 2020 1531 2063 dum
1556 2019 1620 2063 ibi
1642 2019 1800 2076 pulsat

533 2092 586 2129 ut
605 2086 855 2142 recipiatur
875 2100 904 2129 a
926 2085 1113 2129 domina
1131 2086 1311 2138 domus,
1331 2085 1648 2143 huiuscemodi
1667 2086 1799 2130 andi·

532 2154 601 2196 vit
622 2166 889 2210 responsum
908 2166 919 2196 ε
953 2158 966 2176 ‘
985 2152 1088 2207 Ego
1111 2152 1140 2195 J
1147 2153 1308 2196 ustitia
1328 2153 1401 2196 hic
1421 2153 1598 2205 habito,
1619 2158 1668 2197 et
1688 2153 1801 2210 quia

533 2226 582 2262 tu
598 2220 757 2276 justus
779 2234 869 2263 non
894 2233 960 2271 οε,
984 2231 1275 2275 nequaquam
1307 2220 1482 2264 intrare
1508 2225 1697 2276 poteras
1715 2219 1800 2264 do-

532 2300 655 2329 mum
695 2300 862 2330 meam.
865 2285 876 2302 '
947 2286 1123 2330 Dolens
1163 2286 1241 2329 ille
1282 2285 1421 2330 aliam
1460 2287 1647 2331 domum
1688 2299 1800 2332 oon-

530 2354 702 2408 spexit,
748 2354 806 2396 ad
849 2366 988 2409 quam
1023 2366 1127 2395 cum
1173 2354 1384 2408 fugisset,
1426 2354 1494 2397 sic
1537 2366 1644 2397 eum
1682 2352 1799 2398 allo·

528 2425 639 2463 cuta
669 2426 741 2463 est
763 2420 950 2463 domina
983 2420 1147 2463 domus
1167 2419 1321 2463 illius·
1354 2420 1490 2476 ‘Ego
1510 2419 1702 2464 Veritas
1724 2419 1799 2464 hic

530 2486 705 2537 habito,
748 2500 832 2530 nec
870 2492 916 2529 te
955 2486 1062 2529 volo
1103 2487 1322 2542 recipere,
1359 2488 1472 2543 quia
1514 2500 1607 2531 non
1642 2486 1800 2543 diligi·

530 2553 802 2596 veritatem)
874 2552 1130 2596 Discedens
1169 2553 1327 2608 itaque
1359 2554 1489 2597 venit
1517 2553 1575 2597 ad
1613 2553 1800 2598 domum

531 2621 731 2671 tertiam,
754 2634 783 2663 a
802 2620 937 2676 quus
960 2619 1147 2663 domina
1178 2619 1276 2662 haec
1301 2620 1507 2664 audivit·
1496 2653 1507 2664 .
1540 2620 1677 2676 ‘Ego
1698 2632 1799 2664 mm

624 2786 633 2805 ¹
658 2789 818 2829 magister
834 2788 1028 2822 Alexander
1040 2788 1063 2829 ;'
1078 2787 1128 2822 n.
1206 2786 1214 2832 Ι
1334 2787 1348 2807 ⁸
1370 2789 1431 2822 Ρι.
1448 2788 1578 2823 lxnlv.
1593 2789 1647 2823 n.
