1930 3172
248 1866 409 1994 ³53}

460 202 550 246 8³0
940 215 1034 248 mc.
1056 215 1253 248 ‘rnivim

461 333 621 363 eorum
666 319 834 375 sigillis
877 321 1095 372 munitas,
1132 320 1426 363 continentes
1463 319 1510 362 in
1549 316 1736 364 Gallico

464 386 585 430 bunc
606 393 838 430 tenoremz

529 457 543 478 ⁸
569 454 796 497 Omnibus
833 459 1084 510 praesentes
1119 453 1299 497 litteras
1339 453 1508 496 visuris
1547 451 1621 496 vel
1654 463 1736 496 ιιι-

461 519 643 573 dituris,
665 520 875 564 Joannes
899 520 1063 564 Comin
1097 520 1155 564 de
1187 520 1425 571 Badenau,
1450 525 1536 564 etc.
1608 517 1735 573 Quin

462 587 521 630 sd
563 587 698 631 fidem
742 593 791 631 et
843 587 1127 631 voluntatem
1175 587 1472 630 illustrissimi
1514 585 1735 643 principis

462 667 518 697 sc
542 654 767 697 carissimi
797 653 970 697 domini
1000 654 1145 697 nostri
1177 654 1350 697 domini
1382 653 1611 705 Edwardi,
1638 652 1734 696 Dat

462 721 616 775 gratia
647 721 770 775 regis
798 720 1000 775 Angliae,
1025 720 1197 763 domini
1229 720 1488 773 Hibernia,
1516 733 1573 764 sc
1602 718 1735 764 (luds

464 786 732 842 Aquitania
763 788 1004 838 venimus:
1055 787 1366 842 promittimus
1400 799 1485 843 pro
1517 786 1653 831 nobis
1686 791 1736 831 ot

462 853 706 897 heredibus
747 854 919 896 nostris
956 853 1044 896 sub
1089 866 1230 909 poens
1264 866 1508 909 corporum
1547 857 1734 897 nostro·

464 934 565 963 rum
590 925 639 964 et
666 920 940 964 catellorum
969 933 1024 963 ac
1053 920 1256 963 omnium
1287 933 1393 976 quoe
1423 920 1592 964 babere
1628 931 1736 976 pos·

462 1000 639 1039 snmus,
674 987 798 1044 quod
834 1000 919 1030 nos
953 986 1206 1030 serviemus
1234 987 1277 1030 ei
1313 987 1428 1030 bene
1459 992 1509 1031 et
1540 985 1738 1031 fideliter

462 1060 627 1098 contra
664 1067 824 1097 omnes
862 1060 1024 1109 gentes
1059 1067 1165 1110 quae
1203 1054 1360 1097 vivere
1393 1060 1442 1097 et
1476 1053 1594 1097 mori
1629 1065 1736 1110 pos-

462 1127 589 1173 sunt,
630 1122 844 1164 omnibus
889 1121 1067 1164 vicibus
1110 1120 1278 1176 quibus
1329 1120 1615 1176 requiremur
1658 1119 1734 1164 vel

463 1189 821 1244 praemuniemnr
844 1201 928 1244 per
951 1187 1234 1231 antedictum
1264 1187 1499 1230 dominum
1526 1191 1734 1231 nostrum

464 1268 619 1309 regem
660 1254 864 1310 Angliae,
907 1255 980 1298 vel
1024 1253 1214 1297 heredes
1252 1267 1378 1305 suos,
1415 1259 1463 1297 et
1496 1253 1619 1310 quod
1649 1266 1736 1297 nos

465 1334 556 1364 non
593 1322 791 1364 sciemus
820 1321 1037 1364 damnum
1075 1334 1251 1372 eorum,
1295 1322 1406 1377 quin
1442 1320 1555 1364 illud
1590 1321 1736 1377 impo-

464 1388 646 1431 dinmus
680 1389 893 1431 omnibus
923 1388 1098 1431 viribus
1128 1388 1314 1439 nostris,
1345 1393 1393 1430 et
1425 1399 1507 1431 eos
1537 1399 1736 1444 praemu-

466 1455 671 1508 niemus3
709 1460 757 1498 et
790 1454 849 1498 ad
881 1456 972 1497 ista
1002 1454 1200 1497 tenenda
1223 1460 1270 1497 et
1296 1454 1527 1498 servanda
1558 1454 1738 1510 obligu-

467 1534 571 1564 mus
616 1534 718 1573 nos,
766 1527 814 1564 et
857 1521 1047 1564 heredes
1088 1526 1288 1571 nostros,
1332 1526 1380 1564 et
1420 1521 1576 1564 omnia
1614 1521 1738 1564 bona

467 1594 644 1631 nostra.
746 1587 944 1647 Insuper
988 1593 1036 1631 et
1075 1588 1355 1644 juravimus,
1399 1587 1538 1632 tactis
1582 1599 1739 1631 sucro-

465 1656 641 1698 sanctis
683 1655 966 1710 evangeliis;
1012 1661 1060 1698 et
1094 1660 1319 1710 praeterea
1361 1667 1447 1697 nos
1493 1667 1654 1698 omnes
1688 1659 1738 1699 et

466 1722 659 1777 quilibet
706 1728 913 1765 nostrum
949 1734 1034 1777 pro
1070 1734 1122 1763 se
1152 1722 1261 1764 fecit
1301 1720 1566 1777 homagium
1611 1720 1738 1765 dicto

467 1789 653 1832 domino
675 1790 773 1844 regi
797 1787 985 1843 Angliae
1005 1789 1052 1831 in
1076 1788 1175 1830 haec
1200 1789 1366 1831 verba:

535 1855 666 1909 ‘Ego
703 1861 858 1898 vester
886 1855 1024 1898 homo
1054 1854 1194 1909 ligius
1229 1854 1417 1905 efficior,
1450 1853 1509 1897 de
1540 1853 1654 1906 vita,
1689 1859 1738 1898 et

467 1922 697 1974 membris,
729 1935 785 1965 ac
817 1927 999 1964 terreno
1039 1920 1228 1972 bonore,
1266 1926 1427 1964 contra
1461 1933 1623 1964 omnes
1657 1920 1736 1964 bo-

467 1989 613 2031 mines
650 1989 729 2044 qui
768 1993 963 2044 possunt
1005 1988 1160 2030 vivere
1197 1993 1246 2030 et
1279 1987 1423 2031 mori?
1519 1986 1582 2031 Et
1615 1986 1736 2031 idom

466 2055 678 2098 dominus
714 2061 872 2098 noster
905 2068 987 2097 rex
1018 2054 1192 2109 mcepit
1228 2053 1315 2097 boc
1354 2053 1620 2109 homagium
1649 2053 1739 2097 snb

466 2122 539 2165 his
566 2122 751 2165 verbis:
789 2121 918 2164 ‘Nos
947 2121 1062 2164 illud
1094 2121 1339 2176 recipimus
1374 2133 1458 2176 pro
1492 2120 1644 2173 terris,
1680 2119 1740 2164 de

466 2190 634 2245 quibus
664 2189 777 2231 estis
810 2201 933 2231 nunc
965 2188 1126 2240 scisiti,
1163 2187 1297 2231 salvo
1317 2187 1427 2244 jure
1461 2191 1621 2231 nostro
1654 2191 1739 2231 tut

466 2256 673 2307 alterins,
698 2261 746 2299 et
769 2255 978 2311 exceptis
1006 2254 1140 2297 terris
1163 2267 1281 2311 quas
1304 2253 1334 2297 J
1338 2266 1514 2298 oannes
1542 2253 1602 2297 de
1624 2253 1738 2298 Bal-

466 2323 576 2366 liolo
610 2322 843 2379 quondam
879 2335 962 2365 rex
991 2321 1161 2364 Scotiae
1194 2321 1326 2364 nobis
1365 2320 1578 2372 contulit,
1612 2324 1737 2376 post·

464 2402 605 2445 quam
661 2402 745 2432 nos
789 2389 831 2431 ei
878 2401 1070 2443 regnum
1114 2387 1284 2431 Scotiae
1340 2387 1654 2439 liberavimus,
1694 2387 1737 2431 si

466 2455 585 2499 forte
622 2455 804 2511 aliquas
833 2460 981 2498 terras
1011 2453 1170 2498 dedit:
1240 2454 1439 2511 Insuper
1461 2466 1546 2498 nos
1579 2466 1739 2499 omues

465 2528 513 2565 et
558 2522 731 2577 singuli
773 2527 982 2565 nostrum
1025 2534 1109 2577 pro
1144 2534 1195 2564 se
1235 2521 1425 2564 fecimus
1467 2520 1738 2565 fidelitatem

464 2588 652 2632 domino
695 2594 870 2640 nostro,
924 2588 1021 2643 regi
1065 2588 1303 2643 praedicto,
1349 2588 1397 2630 in
1437 2587 1510 2631 his
1550 2587 1734 2631 verbis:

465 2660 478 2678 ‘
499 2656 592 2699 Ero
628 2655 791 2707 fidelis,
822 2655 1002 2710 legalis,
1038 2654 1399 2710 fidelitatemque
1439 2659 1487 2697 et
1528 2652 1738 2711 legalita-

466 2727 558 2764 tem
598 2723 794 2766 servabo
834 2720 1063 2765 Edwnrdo
1104 2721 1201 2776 regi
1241 2720 1444 2777 Anglioe,
1477 2724 1527 2764 et
1562 2718 1737 2764 beredi-
