1930 3172
483 222 572 267 382
970 239 1065 272 mc.
1085 239 1283 272 ‘raivs‘ri

486 342 698 385 omnibus
742 343 887 399 ipsius
921 345 1123 399 regibus,
1152 351 1200 389 et
1232 344 1565 400 temporalibus
1599 350 1648 390 et
1676 357 1756 393 tu-

486 409 619 451 nexis
673 410 845 454 eisdem
902 411 1199 467 praefuerunt,
1251 418 1298 455 et
1346 412 1406 454 ab
1451 411 1624 455 eisdem
1669 425 1756 469 pro

484 488 628 530 regno
667 476 837 521 Scotiae
874 484 922 521 et
958 477 1163 534 ejusdem
1205 478 1485 534 proceribus,
1522 491 1552 522 a
1586 479 1756 535 quibus

483 541 718 595 volebant,
761 544 931 599 legalia
968 545 1185 600 homagia
1226 551 1514 600 receperunt,
1555 550 1604 589 et
1640 545 1753 591 flde-

484 607 630 652 litatis
667 610 823 653 debita
851 611 1144 667 juramenta:
1201 625 1284 655 nos
1314 612 1436 668 juris
1473 618 1523 655 et
1561 611 1753 657 dominii

485 678 821 730 possessionem
855 678 1199 730 continuantes,
1228 692 1313 734 pro
1341 684 1546 734 tempore
1578 684 1754 733 nostro,

482 742 643 784 eadem
682 749 776 785 tam
818 756 847 785 a
886 757 994 798 rege
1034 744 1204 788 Scotiae
1243 746 1515 800 recepimus,
1548 758 1687 802 quam
1725 759 1756 791 a

484 809 750 862 proceribus
769 809 916 865 ipsius
939 811 1083 865 regni.
1153 810 1280 864 Quin
1308 812 1448 855 immo
1477 817 1611 856 tanta
1633 812 1755 869 juris

484 880 532 916 et
576 875 765 918 dominii
811 878 1122 932 praerogativa
1162 891 1303 934 super
1346 890 1540 933 regnum
1583 878 1754 924 Sentio

484 946 532 983 et
565 942 771 998 eJusdem
803 956 956 998 regem
999 944 1279 998 gaudebant,
1308 944 1432 1000 quod
1462 957 1654 1000 regnum
1682 946 1755 1002 ip·

483 1020 585 1051 sum
631 1009 841 1053 fidelibus
880 1010 979 1053 suis
1021 1011 1333 1055 conserebant.
1424 1010 1581 1067 Reges
1613 1012 1752 1056 etiam

483 1087 543 1117 ex
572 1075 716 1131 justis
738 1077 893 1120 causis
925 1079 1217 1129 amovebant,
1238 1083 1285 1122 et
1306 1078 1647 1122 constituerunt
1666 1079 1755 1123 sub

483 1154 535 1184 se
571 1142 674 1185 loco
706 1144 910 1199 ipsorum
946 1144 1062 1188 alios
1100 1151 1405 1200 regnaturos;
1441 1158 1548 1201 quoe
1575 1145 1758 1202 procul-

484 1207 624 1252 dubio
670 1212 853 1254 notoria
897 1210 1040 1255 fuisse
1090 1218 1138 1255 et
1178 1225 1281 1255 esse
1331 1211 1582 1255 creduntur
1628 1211 1752 1268 apud

485 1288 662 1328 omnes,
710 1277 819 1321 licet
862 1277 1058 1321 forsitan
1109 1279 1312 1334 paternis
1354 1278 1523 1322 vestris
1562 1279 1754 1323 auribus

486 1354 568 1396 per
616 1344 743 1398 pacis
788 1344 995 1396 aemulos,
1039 1350 1088 1388 et
1129 1345 1391 1388 rebellionis
1434 1345 1569 1397 filios,
1614 1344 1755 1390 fuerit

485 1408 611 1450 aliud
646 1410 765 1453 salsa
801 1411 1112 1454 insinuatione
1150 1417 1450 1466 suggestum3
1493 1423 1525 1455 a
1558 1424 1755 1468 quorum

486 1475 764 1519 machinosis
797 1483 845 1520 et
885 1477 1172 1532 imaginariis
1209 1478 1458 1533 figmentis,
1500 1483 1553 1521 ut
1585 1483 1754 1523 vestrm

487 1543 753 1586 sanctitatis
782 1544 945 1587 oculus
980 1551 1222 1588 avertatur
1263 1544 1534 1601 suppliciter
1569 1557 1755 1601 quaesu⁶

487 1622 607 1660 mus,
645 1616 693 1653 et
733 1616 972 1666 paternam
1013 1611 1302 1655 clementiam
1344 1617 1393 1655 et
1434 1611 1757 1656 excellentiam

486 1675 670 1719 devotis
689 1678 930 1720 affectibus
955 1691 1220 1731 exoramus,
1249 1684 1303 1722 ut
1326 1678 1568 1722 brevitatis
1596 1690 1756 1729 causa,

487 1743 633 1796 gestis
660 1745 940 1787 anteriorum
966 1750 1224 1800 temporum
1245 1745 1406 1796 salvis,
1433 1744 1647 1800 quaedam
1675 1757 1758 1789 ex-

486 1810 624 1865 empli
647 1823 790 1853 causa
813 1808 1088 1866 tangamus.¹

556 1882 569 1901 ⁶
586 1876 842 1919 Edwardus
868 1879 1022 1920 senior
1044 1878 1212 1929 dictus,
1249 1877 1371 1920 iilius
1393 1872 1654 1936 ²[A01fi-idi]
1685 1890 1757 1922 re·

486 1942 560 1997 gis
592 1942 797 1997 Anglioe,
838 1944 1099 1996 Scotorum,
1138 1940 1481 1995 ’cumbrorum
1525 1950 1575 1988 et
1605 1940 1760 1988 ⁴Stra·

486 2009 786 2063 gewallorum
830 2024 979 2065 reges,
1021 2017 1242 2066 tanquam
1295 2010 1522 2067 superiori
1556 2009 1760 2055 dominio

486 2076 721 2132 subjectos
775 2077 935 2120 babuit
993 2084 1041 2120 et
1090 2078 1359 2121 submissos.
1458 2076 1760 2130 Adebtauus,

488 2155 570 2185 rex
620 2143 820 2198 Angliae‚
867 2144 1223 2187 Constantinum
1295 2156 1450 2199 regem
1514 2143 1758 2188 Scotorum

485 2210 572 2252 sub
609 2223 660 2253 se
707 2217 1005 2266 regnaturum
1055 2210 1312 2262 constituit,
1365 2211 1539 2263 dicens,
1574 2209 1760 2255 Glorio-

486 2276 582 2318 sius
614 2290 716 2320 esse
751 2291 905 2332 regem
945 2278 1111 2330 facere,
1140 2291 1280 2333 quam
1312 2290 1466 2333 regem
1494 2290 1612 2323 esse.
1695 2277 1759 2322 Bt

485 2349 558 2385 est
601 2345 647 2386 in
684 2345 919 2395 memoria,
951 2344 1074 2400 qnod
1112 2345 1231 2387 idem
1274 2344 1576 2396 Adelstanus,
1619 2345 1761 2388 iuter-

535 2493 543 2513 ¹
570 2495 627 2527 All
674 2494 731 2527 the
772 2494 930 2527 subulcus
977 2494 1103 2536 prooss,

485 2542 605 2575 drawn
626 2541 710 2574 from
733 2542 789 2574 the
805 2543 903 2574 times
917 2541 957 2574 or
976 2542 1104 2575 Brum-

486 2589 554 2621 nnd
577 2588 719 2629 Artbur,
738 2589 783 2621 do
806 2592 864 2621 not
884 2589 974 2621 exist
994 2589 1028 2621 iu
1046 2588 1104 2621 the

488 2636 589 2669 MSS.
601 2645 661 2668 nor
671 2636 705 2668 in
719 2635 818 2676 Rym.
828 2635 865 2669 ii.
877 2638 961 2675 ⁶⁶⁹3
975 2634 1103 2677 though

486 2683 565 2723 they
577 2693 635 2715 ue
651 2682 872 2724 interpolatcd
891 2683 924 2715 in
938 2682 1105 2723 Walsing·

486 2729 577 2770 liam,
591 2732 647 2761 81.

1185 2492 1199 2512 ¹
1217 2491 1404 2535 ‘chisodii
1430 2495 1510 2528 Cui.
1523 2494 1629 2537 Rem:
1651 2495 1760 2529 ‘Elu-

1137 2541 1210 2574 redi
1222 2551 1231 2581 ;
1241 2541 1251 2557 ’
1265 2542 1375 2574 MSS.
1391 2541 1455 2575 Ar.
1469 2545 1503 2574 et
1520 2543 1595 2576 c«.

1184 2586 1199 2606 ⁸
1220 2584 1759 2627 ‘embron-ammaum

1139 2635 1150 2654 ‘
1160 2635 1372 2668 Cimbrorum
1385 2632 1405 2673 ς’
1422 2634 1533 2669 MSS.
1661 2660 1666 2667 .

1187 2680 1200 2699 ⁴
1220 2683 1231 2700 ⁴
1243 2681 1550 2723 Stredglemlorum
1565 2681 1596 2723 ς’
1647 2680 1757 2715 188.
1923 2694 1930 2743 4

1140 2728 1203 2761 Ar.
1217 2731 1250 2761 et
1268 2729 1343 2762 ece.
1926 2755 1930 2777 ;

1916 2866 1930 2933 ἕ

1777 3097 1789 3108 -
1870 2948 1930 3172 A'
