1930 3172
474 224 532 267 ⁷4
957 234 1054 266 mc.
1085 232 1282 266 ‘ranvs‘ri

477 351 557 382 rex
602 344 838 395 posuerat,
884 351 1019 394 prece
1058 338 1289 394 corruptis
1322 341 1371 381 et
1406 337 1573 393 pretio.
1640 335 1750 392 Quo

474 404 651 458 audito,
688 419 769 449 rex
810 405 920 449 illuc
963 405 1290 449 Brabanzones
1334 417 1445 447 suos
1484 403 1612 448 misit
1644 417 1749 449 cum

474 472 578 516 aliis
614 472 852 524 militibus,
887 472 967 528 qui
1006 484 1087 515 eos
1125 477 1339 526 regerent
1373 477 1421 515 et
1455 476 1753 528 protegerent

473 546 637 583 eontra
661 539 833 583 hostes.
903 538 997 592 Qui
1029 538 1252 582 habentes
1280 538 1368 582 sibi
1394 538 1579 581 obviam
1608 537 1752 583 eomi-

475 612 567 649 tem
597 605 808 658 Cestriae,
839 605 1159 662 Bastulphum
1190 604 1248 648 de
1280 605 1329 650 S.
1350 604 1552 657 Hilario,
1571 602 1752 649 winol-

474 685 597 715 mum
654 672 835 724 Pau-ik,
877 685 981 715 cum
1038 672 1143 716 aliis
1181 672 1403 715 militibus
1439 670 1649 728 plurimis
1692 683 1751 716 ae

475 739 677 795 peditum
713 738 1006 782 multitudine
1027 751 1212 793 magna,
1233 739 1391 782 statim
1416 751 1497 782 eos
1521 736 1751 794 compule-

475 811 581 847 runt
604 806 652 847 in
676 805 851 860 fugam,
870 805 1168 860 quamplures
1195 804 1254 847 de
1283 804 1514 860 peditibus
1540 803 1752 848 occiden—

473 871 549 915 do.
620 871 760 927 Capti
806 876 917 914 sunt
960 870 1259 926 Bastulphus
1299 870 1357 913 de
1397 870 1447 914 S.
1478 869 1664 914 Hilario
1702 875 1752 914 et

476 937 738 981 willelmus
759 936 941 989 Pati-ik,
964 949 1068 981 cum
1088 937 1193 980 aliis
1211 935 1486 993 quibusdam
1512 934 1753 988 militibus,

474 1000 535 1047 et¹
558 1018 642 1060 pro
662 1003 875 1048 custodia
895 1003 953 1047 ad
980 1003 1175 1047 Pontem
1206 999 1222 1025 ⁸
1237 1002 1449 1046 Ursionis
1477 1001 1753 1047 transmissi.

475 1070 643 1114 Comes
673 1084 783 1114 vero
813 1070 1007 1114 Cestrioe
1038 1076 1085 1114 et
1117 1069 1396 1126 Radulphus
1424 1068 1482 1112 de
1520 1067 1752 1125 Fulgin-iis

474 1150 576 1180 cum
609 1137 714 1180 aliis
744 1137 966 1180 militibus
997 1137 1247 1191 sexaginta
1277 1149 1367 1180 non
1399 1139 1613 1191 potentes
1640 1147 1751 1180 eva-

474 1204 583 1247 dere
603 1218 685 1259 per
708 1204 880 1258 sugam,
906 1203 993 1247 viis
1019 1216 1101 1259 per
1133 1202 1289 1247 hostes
1314 1202 1581 1254 obstructis,
1603 1201 1751 1246 inolu-

475 1277 635 1314 serunt
654 1284 704 1313 se
735 1272 781 1313 in
805 1271 920 1313 turri
945 1270 1154 1321 Doleusi‚
1184 1282 1323 1326 quam
1346 1269 1673 1313 Brabanaone·
1702 1272 1751 1312 et

476 1338 644 1381 milites
662 1338 777 1392 regii
801 1337 1090 1380 obsederunt.
1130 1336 1363 1379 Henricus
1385 1335 1554 1388 senior,
1576 1334 1648 1380 his
1669 1347 1751 1379 au·

474 1404 600 1454 ditis,
645 1418 748 1447 cum
791 1410 914 1446 esset
956 1402 1255 1458 Rothomagi,
1292 1403 1339 1446 in
1377 1402 1582 1446 crastino
1615 1414 1752 1445 mane

476 1484 638 1514 versus
675 1471 963 1513 Britanniam
995 1469 1299 1524 proficiscitur
1334 1474 1467 1511 tanta
1496 1468 1751 1519 eeleritate,

475 1538 597 1592 quod
619 1538 831 1593 proximo
850 1536 925 1579 die
942 1536 1154 1591 sequenti
1178 1536 1347 1578 Dolum
1366 1534 1601 1591 pervenit:
1624 1546 1753 1578 cum-

472 1618 563 1659 que
587 1603 824 1647 machinas
855 1608 1163 1659 praeparasset
1183 1602 1243 1645 ad
1275 1602 1436 1645 turrim
1463 1600 1752 1658 capiendam,

474 1671 638 1713 inclusi
668 1671 755 1713 sibi
781 1669 1075 1725 providentes
1099 1669 1260 1711 turrim
1286 1667 1599 1719 reddiderunt,
1620 1679 1678 1711 ac
1698 1679 1752 1711 se

475 1737 703 1780 voluntati
729 1738 867 1791 regiae
890 1735 1223 1786 subdiderunt;
1259 1748 1454 1790 quorum
1474 1734 1654 1790 aliquos
1669 1746 1753 1790 per

474 1804 679 1846 diversas
703 1803 943 1845 firmitates
969 1802 1253 1857 mancipavit
1275 1800 1531 1854 custodioe3
1566 1800 1752 1856 aliquos

475 1883 602 1920 vero,
639 1869 841 1924 acceptis
882 1868 1134 1918 obsidibus,
1174 1868 1220 1910 in
1257 1867 1403 1910 libera
1434 1866 1647 1910 custodia
1679 1878 1752 1909 re-

475 1936 626 1979 tinens
648 1949 803 1979 secum
823 1934 974 1977 duxit.
1047 1933 1237 1977 Interim
1267 1947 1421 1977 comes
1454 1932 1752 1989 Iaeycestriae,

475 2002 708 2045 associato
726 2002 814 2044 sibi
840 2001 1044 2055 Hugone
1070 2000 1127 2043 de
1154 2000 1197 2043 N
1201 1999 1534 2051 ovo-Castello
1563 1998 1751 2043 turbare

476 2066 673 2112 volens'
675 2081 866 2123 regnum
898 2067 1099 2122 Angiiae,
1125 2080 1228 2110 cum
1258 2079 1430 2122 magna
1458 2064 1752 2110 multitudine

477 2136 672 2179 militum
715 2134 1066 2178 Flandrensium
1118 2139 1166 2176 et
1217 2133 1430 2184 aliorum,
1476 2131 1576 2176 zelo
1627 2131 1752 2187 mgis

470 2203 670 2258 junioris
704 2202 749 2244 in
782 2201 1003 2256 Angliam
1035 2199 1384 2252 transfretavit3
1418 2199 1500 2255 qui
1522 2198 1667 2255 juxta
1700 2197 1751 2242 S.

481 2268 817 2319 Eadmundum,
861 2268 937 2310 ubi
981 2267 1124 2322 coepit
1161 2266 1343 2321 praedas
1381 2277 1612 2317 exemere,
1657 2277 1754 2309 una

476 2349 578 2377 cum
607 2349 753 2378 uxore
782 2347 837 2377 ac
866 2333 1087 2389 praedicto
1113 2333 1317 2387 Hugone
1350 2328 1448 2388 ⁴[de
1475 2329 1751 2375 Novo-cn-

477 2401 609 2455 tello]
649 2414 731 2456 per
772 2400 939 2442 milites
976 2399 1097 2452 regis
1135 2405 1300 2454 captus
1338 2404 1410 2442 est
1446 2404 1494 2441 et
1528 2397 1752 2442 custodiae

526 2576 535 2597 ¹
555 2577 655 2609 What
669 2575 801 2608 follows
815 2586 855 2609 u
870 2575 922 2608 far
937 2584 977 2608 as
990 2575 1001 2593 ‘
1013 2584 1089 2607 sex·
1183 2575 1198 2595 ⁸
1209 2579 1219 2594 ⁸
1232 2586 1343 2617 regem
1357 2574 1375 2615 ς·
1394 2577 1456 2610 Δι’.

476 2620 610 2665 aginta'
628 2624 658 2656 is
672 2622 810 2655 omitted
827 2624 862 2655 in
879 2619 969 2655 HA,

523 2669 536 2691 ²
550 2673 560 2689 ⁸
577 2667 747 2709 Urmnis3'
766 2670 861 2702 Μαί
878 2669 941 2702 Ar.
988 2667 1091 2701 Pom·
1183 2668 1195 2688 ⁴
1211 2671 1221 2687 ⁴
1233 2670 1276 2701 de
1295 2668 1642 2703 Novo-cuteuo’m
1655 2669 1753 2701 omit-

476 2719 601 2757 0rwn,
623 2728 665 2749 on
692 2717 748 2749 tlte
768 2717 915 2749 confines
938 2714 977 2748 of
1003 2715 1091 2748 Noe-
1136 2716 1192 2747 ted
1210 2717 1242 2748 in
1263 2716 1348 2757 Reg.
1366 2717 1447 2750 Cei.
1462 2714 1530 2750 and
1544 2714 1608 2749 Ar.

476 2764 598 2804 mundy
615 2765 681 2795 und
702 2764 867 2803 llrittany.

1923 1675 1930 1754 -ι-.-.ι
1923 1611 1930 1661 .1.,„
1923 1590 1930 1596 A
1928 1556 1930 1559 .
