1930 3172
449 218 534 262 112
939 228 1037 262 nic.
1060 227 1256 261 ‘ram-ri

446 338 494 376 et
516 332 792 376 conductum
819 331 1041 376 baberent
1066 331 1333 376 transeundi
1364 344 1510 389 usque
1532 331 1724 389 Tyrum.

449 398 749 443 Postmodum
774 399 939 454 viginti
971 399 1115 443 millia
1139 398 1373 442 hominum
1398 397 1526 443 ducti
1545 403 1657 443 sunt
1676 398 1725 443 iu

445 466 764 522 captivitatem
806 465 929 521 apud
964 466 1265 517 Damascum,
1298 471 1345 508 et
1382 466 1541 509 statim
1581 465 1727 510 stater

446 533 568 588 regis
592 532 814 575 liberatus
834 538 935 585 est;
972 538 1021 575 nt
1045 537 1151 588 post
1183 531 1366 575 Pascha
1395 544 1612 588 sequeus,
1641 542 1723 576 mx

445 605 493 642 et
512 600 734 653 magister
753 598 951 655 Templi.
1019 598 1280 655 Imperator
1303 597 1576 642 Fredericus
1598 610 1724 643 com-

445 665 716 708 minatorias
741 665 922 708 litteras
941 664 1161 708 Saladino
1184 664 1456 708 transmisit.

813 809 844 834 P.
862 809 1078 834 ΙΟΙΑΙῦΙῦΙ
1097 810 1131 835 Ι.
1265 809 1328 834 ’.Α
1333 809 1469 835 mlv.
1512 807 1699 835 inmu-

541 810 560 833 κ
608 823 617 833 .
631 810 663 833 c.

711 867 898 891 οιυιικτιι
913 847 983 947 ιιι.Ι
998 867 1176 891 raanuici
1194 868 1219 892 ι.
1266 866 1414 891 rurum
1430 867 1471 892 n.
1511 865 1651 891 uuum
1665 865 1705 894 Ιι.

820 907 854 938 ².
1043 907 1099 938 ⁸⁴.
1114 907 1169 938 ⁸⁷.
1346 907 1380 938 8.
1625 927 1635 937 .

514 998 643 1042 Posi·
675 998 831 1054 lapsas
857 1004 1046 1053 treugas
1075 999 1195 1041 inter
1215 1010 1348 1053 reges
1372 997 1656 1040 Francorum
1675 1002 1724 1041 et

444 1065 722 1120 Anglorum,
743 1070 791 1108 et
809 1064 1062 1108 Ricardum
1080 1065 1292 1107 comitem
1317 1063 1634 1116 Pictavorum,
1651 1062 1724 1107 bis

445 1132 651 1175 habitum
667 1137 739 1174 est
754 1130 1033 1186 colloquium
1052 1126 1471 1187 prope¹Feritatem
1483 1129 1722 1174 Beruandi.

444 1198 519 1243 Ad
546 1198 772 1249 ultimum,
805 1203 911 1252 post
938 1197 1102 1252 longos
1134 1202 1379 1249 tractatus,
1408 1194 1643 1240 discordes
1662 1195 1725 1240 ab

444 1265 638 1308 invicem
661 1264 988 1307 discesserunt.
1060 1262 1166 1306 Rex
1195 1263 1477 1307 Francorum
1498 1267 1547 1306 et
1565 1274 1721 1307 comes

447 1331 756 1382 Pictavensis,
795 1330 940 1385 copiis
990 1329 1190 1385 undique
1242 1329 1554 1385 congregatis.
1599 1328 1724 1373 intra

446 1410 620 1453 paucos
642 1397 741 1440 dies
767 1396 1017 1439 Feritatem
1040 1396 1283 1447 Bernardi,
1309 1394 1721 1447 Mentem-fortem,

449 1464 662 1515 Baahim,
711 1462 1132 1514 Bellum-montem,
1183 1462 1320 1506 sactis
1373 1461 1722 1517 irruptionibus,

444 1536 758 1586 occuparunt;
792 1542 821 1572 a
841 1529 1196 1585 municipalibus
1218 1541 1405 1585 quoque
1430 1529 1723 1584 circumqua-

444 1611 534 1653 que
556 1596 714 1640 comiti
735 1595 939 1650 Ricardo
961 1596 1012 1639 fit
1031 1595 1206 1639 deditio
1225 1594 1539 1638 castellorum.
1607 1592 1725 1639 Gal-

444 1663 589 1707 fridus
616 1663 672 1707 de
708 1662 961 1714 Meduana,
990 1661 1148 1705 Guido
1176 1662 1234 1705 de
1259 1661 1413 1713 Valle,
1444 1659 1724 1718 Radulpbus

444 1730 657 1773 dominus
682 1728 1022 1783 Fulgeriarum,
1043 1728 1199 1771 hostes
1219 1729 1342 1783 regis
1364 1726 1640 1783 Anglorum,
1662 1726 1723 1771 ad

447 1796 697 1839 Ricardum
721 1794 934 1838 comitem
958 1794 1323 1849 transfugerunt.
1393 1794 1525 1848 Rege
1541 1792 1723 1849 Anglo·

445 1875 544 1905 rum
560 1861 870 1905 Cenomannis
895 1860 1140 1911 residente,
1159 1856 1614 1915 'appropinquabant
1637 1871 1719 1903 τοι

447 1929 728 1972 Francorum
761 1932 808 1970 et
838 1939 991 1969 comes
1023 1926 1266 1978 Pictaviae,
1298 1938 1402 1969 cum
1437 1931 1719 1970 armatorum

444 1994 738 2038 multitudine
755 1993 960 2048 copiosa.
1013 1992 1118 2035 Rex
1140 2005 1250 2035 vero
1269 1991 1540 2047 Angbrum,
1561 2004 1726 2048 quam-

445 2062 516 2104 vis
541 2061 737 2104 militum
759 2058 1096 2103 multitudinem
1124 2058 1373 2102 maximam
1404 2057 1610 2111 baberet,
1638 2070 1724 2115 pa-

445 2133 595 2171 ratam
617 2126 675 2170 ad
699 2126 908 2169 hostibus
932 2125 1253 2175 resistendum,
1278 2137 1547 2180 praecavens
1565 2129 1720 2169 umen

444 2193 682 2237 obsidione
704 2191 885 2243 vallari,
915 2190 1226 2235 Cenomannis
1262 2189 1542 2234 sufficienter
1570 2191 1723 2235 victu-

445 2261 564 2303 libus
587 2259 801 2303 refertam
830 2258 1030 2313 reliquit.
1103 2258 1159 2300 In
1189 2258 1392 2300 crastino
1423 2257 1575 2301 sancti
1606 2256 1725 2301 Bar·-

445 2328 595 2377 nabae,
625 2325 872 2369 vehemens
903 2325 1026 2379 ignis
1062 2337 1093 2367 a
1126 2329 1258 2380 parte
1298 2324 1421 2379 regis
1463 2322 1722 2379 Anglorun

444 2393 658 2449 injectus,
677 2392 803 2434 intra
822 2390 1048 2433 modicum
1075 2390 1311 2446 temporis,
1326 2390 1594 2434 suburbana
1611 2401 1722 2434 con·

443 2458 654 2513 sumpsit.
727 2456 833 2499 Rex
881 2456 1089 2499 Franciae
1131 2463 1176 2499 et
1216 2469 1370 2499 eomes
1413 2456 1723 2510 Pictavensis,

445 2526 601 2568 urbem
625 2523 838 2578 ingressi,
868 2535 973 2565 cum
1004 2522 1295 2578 processione
1325 2522 1519 2566 solemni
1549 2523 1596 2566 in
1627 2534 1725 2567 ma·

438 2591 531 2647 jori
567 2590 762 2634 ecclesia
793 2594 902 2632 sunt
932 2589 1121 2644 recepti.
1195 2588 1310 2632 Post
1331 2588 1557 2632 decimum
1583 2587 1723 2641 diem,

495 2740 502 2759 ¹
525 2741 614 2773 Now
633 2740 680 2773 La
698 2740 795 2773 Ferte
809 2738 973 2772 Ber-nard.
1073 2735 1080 2782 Ι
1148 2736 1162 2756 ’
1184 2740 1195 2757 ⁸
1211 2734 1541 2781 appropinquabat?
1557 2734 1648 2772 ΠΛ.
