1930 3172
233 1813 296 1839 Tb·
308 1810 417 1839 Pmeb

233 1847 303 1878 king
314 1846 396 1872 mes

234 2279 290 2305 and
302 2278 339 2304 all
353 2278 418 2304 sub-

235 2314 302 2339 mit·
315 2316 343 2339 to
356 2313 427 2339 him.

446 203 534 247 174
940 215 1040 248 mo.
1060 214 1256 248 τηινιτι

443 321 624 378 cipuus,
666 322 986 378 compassione
1032 323 1221 374 anxins,
1266 328 1315 366 et
1363 322 1576 366 omuibus
1624 326 1727 366 erat

444 388 706 433 bumilitate
741 390 998 446 subjectus.
1072 385 1350 446 ¹Specialem
1384 390 1583 445 gratiam
1617 401 1728 433 οω-

444 456 555 500 tulit
573 457 616 499 ei
641 456 780 500 Dans
804 456 942 500 flendi
965 470 1048 513 pro
1080 457 1415 512 peccatoribus,
1439 469 1525 512 pro
1546 455 1727 500 misen-b

444 528 492 566 et
529 522 744 575 afflictis;
781 530 830 567 et
864 524 1120 567 animarum
1163 524 1452 580 pereuntium
1484 522 1586 567 zelo
1621 534 1724 567 suo-

443 603 627 642 oeusus,
650 603 733 634 nec
758 591 908 633 minus
923 590 1152 635 desiderio
1176 590 1382 634 coelestis
1404 589 1723 641 habitationis,

445 658 606 700 crebro
647 658 695 700 in
738 658 1025 701 orationibus
1064 658 1404 713 pernoctabat:
1457 656 1723 713 frequenter

444 736 630 779 quoque
669 736 805 767 aures
850 724 1021 767 divinae
1063 724 1322 767 clementiae
1365 723 1452 767 hac
1492 722 1725 780 spirituali

444 790 667 845 petitione
690 790 924 846 pulsabat,
948 790 1168 846 quatinus
1187 790 1315 834 cordi
1337 790 1440 847 ejus
1460 789 1587 834 illam
1609 789 1725 834 eari-

445 862 589 899 tatem
609 856 880 912 dignaretur
902 856 1161 908 infundere,
1184 869 1279 913 qua
1308 857 1624 912 proximorum
1645 868 1724 900 ιι-

445 923 588 966 lutem
619 930 779 979 posset
804 923 1035 967 efficacius
1059 935 1323 980 procurare,
1341 923 1558 979 exemplo
1588 921 1725 967 mins

445 990 525 1046 qui
545 1004 596 1034 se
614 996 763 1034 totum
784 997 989 1034 nostram
1007 990 1178 1034 obtulit
1201 991 1248 1033 in
1268 986 1555 1034 'sanitatem
1601 988 1726 1034 sm

445 1057 631 1109 librum,
661 1059 741 1113 qui
772 1057 1057 1101 Collationes
1093 1057 1289 1100 Pati-um
1315 1057 1600 1109 inscribitur,
1625 1062 1726 1101 stu·

445 1123 575 1167 diose
608 1124 768 1179 legens
800 1138 856 1168 ac
892 1125 1144 1178 vigilanter
1177 1124 1456 1179 intelligens,
1482 1123 1649 1168 salutis
1675 1122 1726 1168 iu

446 1204 502 1234 eo
527 1191 717 1234 semitas
744 1187 976 1242 ’rimatus,
1011 1203 1194 1246 magnae
1219 1190 1515 1247 perfectionis
1545 1190 1725 1247 apicem

445 1258 763 1314 apprehendit.
849 1258 1112 1301 Willelmus
1167 1257 1420 1309 Blesensis,
1469 1263 1728 1314 praeoeutor

446 1324 718 1376 Lincolniae,
756 1326 802 1368 in
833 1325 1038 1381 ejusdem
1074 1324 1284 1368 ecclesiae
1313 1325 1580 1381 episcopum
1620 1336 1728 1369 eou-

443 1398 672 1435 secratur.

759 1537 789 1560 P.
809 1536 1026 1560 ΙΟΙΑΠΟΙΰΙ
1045 1537 1078 1560 Ι.
1182 1531 1186 1573 ¹
1217 1535 1421 1560 runooauu
1499 1537 1521 1560 Α

567 1595 616 1620 ιν.
673 1594 871 1619 ικκοοεκτιι
889 1594 941 1619 ιιι.
971 1594 1186 1621 monum*
1227 1594 1374 1619 rau-nm
1390 1595 1432 1620 ιι.

792 1636 827 1665 6.
869 1643 872 1646 ’
1057 1635 1090 1665 6.
1298 1635 1354 1667 2³.

518 1727 782 1770 Amanoas
839 1726 1026 1769 ducissa
1071 1725 1358 1783 Aquitaniae,
1404 1730 1555 1769 mater
1605 1724 1730 1780 regis

450 1793 708 1848 Anglorum
733 1793 762 1835 J
769 1794 948 1843 oannis,
972 1806 1031 1836 ex
1053 1792 1141 1836 bac
1166 1793 1269 1836 luce
1298 1792 1532 1848 migravit.
1601 1790 1730 1835 Civi-

452 1867 526 1903 tas
558 1860 951 1915 Rothomagensis
981 1872 1012 1902 a
1043 1858 1239 1903 Gallicis
1267 1860 1473 1908 obsessa,
1500 1870 1604 1902 cum
1626 1857 1729 1915 jam

449 1927 545 1970 sere
581 1940 663 1983 per
698 1939 870 1969 annum
905 1939 957 1969 se
997 1926 1178 1969 sortiter
1209 1925 1505 1977 defendisset,
1535 1923 1595 1968 de
1623 1924 1730 1968 sub-

450 1994 569 2037 sidio
598 1994 722 2049 regis
752 1992 1013 2048 Anglorum
1053 1993 1319 2049 desperans,
1347 1987 1444 2035 ⁴cui
1470 1991 1572 2048 Jam
1608 1990 1731 2035 Nor-

451 2061 639 2103 mannia
667 2066 769 2103 erat
792 2066 1028 2115 suspecta,
1060 2059 1277 2115 Philippo
1308 2059 1406 2114 regi
1444 2058 1728 2102 Francorum

451 2141 503 2170 se
536 2126 764 2171 reddidit:
800 2128 879 2182 qui
919 2127 1078 2170 statim
1117 2139 1273 2169 muros
1309 2125 1411 2182 ejus
1438 2125 1643 2178 diruens,
1671 2137 1731 2169 ue

452 2207 654 2250 unquam
686 2194 1075 2237 reaedificarentur
1100 2194 1148 2235 in
1184 2198 1419 2249 posterum
1450 2191 1631 2236 civibus
1662 2190 1733 2236 iu-

453 2262 671 2313 terdixit;
708 2260 899 2304 redditis
934 2261 1072 2303 etiam
1111 2259 1276 2303 deinde
1309 2259 1491 2303 duobus
1526 2257 1733 2303 castellis

453 2327 624 2371 Archis
655 2333 702 2371 et
730 2326 971 2378 Vei-nolio,
1004 2333 1149 2370 totam
1186 2340 1246 2370 ex
1273 2326 1463 2381 integro
1500 2324 1735 2369 Nol-mau-

455 2396 577 2438 niam
607 2394 769 2437 babuit
801 2394 1117 2449 subjugatam.
1190 2393 1291 2437 Nec
1314 2406 1374 2437 ex
1405 2392 1477 2435 his
1505 2405 1587 2436 rex
1619 2390 1734 2436 Phi·

453 2462 606 2517 lippus
637 2466 901 2511 contentus,
926 2459 1122 2503 ulterius
1149 2459 1460 2516 progreditur,
1488 2464 1537 2503 et
1564 2454 1735 2503 ‘Ceno-

500 2613 672 2647 ¹Tbisis
702 2613 785 2646 from
812 2613 877 2646 Ar.
924 2613 983 2646 All
1013 2613 1070 2646 the
1155 2613 1289 2647 ⁴‘cum
1314 2614 1388 2655 jam
1421 2610 1733 2646 Numan-hunt

449 2661 547 2694 other
561 2662 662 2694 MSS.
677 2661 763 2694 bave
778 2662 788 2679 ⁸
799 2657 1040 2703 spiritualem?
1106 2661 1270 2701 despecta
1281 2661 1303 2699 ς’
1318 2660 1371 2695 Μ.
1385 2662 1419 2693 et
1435 2658 1498 2693 Ar.

497 2705 808 2746 ’‘salutem;'Ar.
1152 2703 1733 2749 “Majouusfl'uoeymel’d-

498 2753 512 2774 ⁸
532 2756 543 2774 ‘
554 2756 681 2788 rimus
691 2751 712 2795 ς’
729 2752 820 2787 D'A.
1104 2758 1191 2786 towe
1203 2750 1224 2794 ;'
1250 2754 1305 2787 n».
1320 2753 1378 2787 Tr.
