1930 3172
455 225 544 271 408
925 240 1023 273 mc.
1054 239 1251 273 ‘ranvs'n

456 343 575 400 ejus,
597 356 751 388 comes
780 344 838 388 de
872 344 959 396 Fir,
984 345 1044 389 ad
1067 359 1203 401 quem
1234 345 1292 389 de
1315 346 1424 403 ⁸iure
1455 345 1733 391 hereditario

456 411 700 466 spectabat
741 411 827 455 hoc
865 411 1080 464 officium,
1122 418 1233 456 tunc
1274 413 1442 456 absens
1478 413 1527 456 in
1557 411 1735 469 Augila

239 488 441 516 ria-mnu·-
459 477 740 521 morabatur.
852 478 991 522 Hanc
1042 483 1197 522 autem
1248 479 1530 523 comitissam
1571 478 1732 524 eodem

238 522 398 549 dnum
413 522 438 550 l·

238 555 413 615 :mm

457 555 580 587 anno
610 545 670 587 ab
693 544 906 600 Anglicis
931 551 1134 600 captam,
1157 558 1261 588 cum
1292 546 1481 601 quidam
1510 545 1734 602 perimere

240 622 442 682 mus-nnn·
459 610 731 662 voluissent,
766 625 858 654 non
891 612 1097 667 permisit
1122 625 1231 665 rex;
1261 612 1342 655 sed
1376 613 1423 655 in
1453 611 1734 656 domuncula

237 1285 382 1346 ..rt-‚2¹²⁸

236 1359 304 1379 ever
316 1353 386 1379 ons-

236 1386 432 1446 π’ἅέὣ.

239 1683 371 1710 {leuno

238 1716 408 1780 m&

233 2414 333 2439 make·
349 2421 366 2439 a

232 2487 393 2512 vennunc-

232 2546 331 2575 Brute.

457 677 656 733 quadam
704 677 859 731 lignea
904 690 1044 732 super
1095 690 1275 721 murum
1318 678 1461 722 castri
1507 677 1734 723 Berewici

456 744 610 798 posita
639 749 726 794 est,
758 749 810 785 ut
844 748 1034 799 possent
1069 756 1171 786 eam
1212 749 1507 789 transeuntes
1545 745 1731 802 conspi-

456 804 590 852 cere.¹

523 871 654 919 'Rex
680 875 883 931 Anglioe,
902 890 1007 920 cum
1024 878 1122 934 jam
1153 877 1263 921 ludo
1287 890 1370 934 per
1393 877 1589 934 riparia·
1610 877 1732 923 Dor-

456 942 586 986 setiae
625 949 672 986 et
705 944 952 987 comitatus
994 944 1297 1000 Hamptoniae
1342 958 1393 987 se
1433 945 1734 999 exercuisset,

457 1009 659 1053 instante
709 1010 1111 1065 Quadragesimali
1170 1017 1390 1066 tempore,
1443 1011 1492 1054 in
1542 1011 1733 1056 civitate

457 1074 712 1119 Wintoniae
746 1090 797 1119 se
833 1078 1018 1133 recepit.
1092 1077 1185 1120 Ubi
1214 1077 1323 1120 dum
1352 1077 1520 1134 jeJunii
1549 1083 1732 1134 tempus

457 1143 783 1198 transfugeret,
818 1149 969 1187 certos
997 1144 1169 1200 recepit
1202 1157 1409 1187 rumores
1438 1144 1496 1187 de
1529 1144 1603 1196 iis,
1626 1157 1733 1200 qnae

455 1214 589 1262 gesta
624 1216 732 1252 sunt
754 1210 800 1252 in
834 1210 1008 1260 Scotia‚
1033 1211 1080 1253 in
1111 1210 1431 1265 praejudicium
1461 1223 1559 1254 suoe
1589 1211 1732 1266 regin

455 1275 730 1331 majestatis.
802 1275 985 1319 Vocato
1020 1277 1162 1331 igitur
1186 1276 1281 1319 filio
1310 1290 1396 1319 suo
1422 1276 1654 1320 Edwardo
1682 1277 1731 1321 in

459 1340 686 1384 Paschale
720 1355 933 1397 sequens,
970 1356 1024 1386 ac
1061 1343 1313 1399 majoribus
1342 1342 1546 1398 Angliae,
1580 1348 1730 1387 terras

456 1406 696 1451 Vascones
727 1408 871 1450 eidem
904 1422 963 1451 ex
994 1409 1177 1463 integro
1206 1409 1413 1452 contulit‘
1434 1415 1482 1452 et
1509 1408 1728 1461 donavstz

455 1474 754 1528 pra-conizari
778 1475 918 1517 etiam
949 1475 1243 1518 nihilominus
1266 1475 1386 1526 fecit,
1410 1475 1533 1531 quod
1556 1488 1733 1530 omnen,

457 1540 665 1583 volentes
707 1554 800 1584 una
836 1554 939 1583 cum
980 1541 1076 1584 filio
1116 1555 1203 1584 suo
1246 1541 1487 1585 militarem
1527 1542 1732 1599 recipere

455 1607 677 1659 ordinem,
697 1608 917 1663 impensis
940 1609 1154 1664 propriis,
1175 1608 1222 1650 in
1242 1609 1454 1651 omnibus
1476 1608 1732 1653 exhiberet.

457 1672 573 1716 Post
596 1673 780 1717 Pascha
803 1675 948 1718 movit
971 1688 1022 1717 se
1046 1688 1127 1717 rex
1154 1688 1315 1717 versus
1341 1674 1606 1719 Londonias
1628 1688 1734 1719 cur-

455 1740 660 1792 rizando,
695 1742 807 1796 quia
845 1741 905 1784 ob
940 1741 1269 1793 infirmitatem,
1305 1754 1442 1797 quam
1484 1741 1647 1785 habuit
1682 1742 1732 1786 in

456 1807 596 1859 tibiis,
621 1820 711 1850 non
735 1807 887 1862 potuit
909 1809 1132 1863 equitare.
1205 1807 1261 1850 In
1284 1807 1402 1851 sesto
1431 1807 1577 1863 igitur
1606 1807 1732 1853 Pen-

454 1878 655 1916 tecostes
678 1886 761 1915 rex
784 1873 927 1915 filium
950 1887 1084 1916 suum
1106 1874 1246 1916 armis
1270 1874 1545 1927 militaribus
1565 1874 1731 1928 cinxit,

454 1943 501 1980 et
550 1952 653 1982 cum
714 1953 770 1982 eo
812 1940 1004 1982 comites
1048 1939 1312 1983 Warenniae
1357 1945 1405 1982 et
1444 1938 1729 1993 Arundeliae,

454 2004 678 2061 aliosque,
701 2018 894 2061 quorum
934 2019 1150 2048 numerus
1190 2005 1414 2048 ducentos
1448 2012 1496 2049 et
1529 2006 1730 2062 quadra·

454 2072 586 2124 ginta
614 2072 783 2115 dicitur
806 2073 1076 2115 excessisse.
1150 2072 1323 2114 Eodem
1348 2072 1423 2115 die
1450 2085 1555 2115 cum
1587 2072 1730 2117 sedis·

453 2144 524 2180 set
556 2152 638 2180 rex
677 2139 724 2181 in
756 2151 937 2189 mensa,
978 2139 1110 2181 novis
1144 2138 1367 2181 militibus
1401 2138 1730 2193 circumdatus,

454 2204 662 2258 ingressa
704 2204 1098 2247 menestrellorum
1141 2204 1405 2256 multitude,
1445 2206 1727 2261 portantium

453 2271 696 2326 multiplici
732 2277 898 2314 ornatu
934 2272 1169 2322 amictum,
1206 2278 1258 2314 ut
1291 2271 1461 2315 milites
1495 2272 1728 2329 praecipue

454 2350 599 2379 novos
653 2338 905 2380 invitarent
957 2344 1004 2380 et
1047 2337 1318 2380 inducerent
1365 2338 1422 2380 ad
1468 2338 1729 2383 vovendum

451 2403 621 2445 sactum
645 2417 874 2446 armorum
900 2404 1085 2459 aliquod
1112 2417 1265 2447 coram
1292 2405 1441 2458 signo.
1512 2404 1660 2449 Vovit
1681 2410 1730 2450 et

450 2470 673 2523 imprimis
709 2483 788 2511 rex
836 2470 950 2525 ipse,
986 2470 1108 2525 quod
1150 2471 1398 2513 vindictam
1438 2472 1635 2527 accipiet
1670 2471 1730 2516 de

448 2542 714 2590 contemptu
748 2536 879 2578 illato
916 2536 1022 2579 Duo
1050 2542 1098 2579 et
1121 2537 1327 2579 ecclesiae
1361 2550 1442 2592 per
1470 2536 1727 2582 Robertum

496 2669 504 2687 ¹
525 2673 536 2689 ⁴
552 2671 584 2702 in
611 2671 751 2710 tristega
779 2671 892 2711 lignea
925 2671 1004 2710 flu,
1030 2676 1067 2703 ut
1150 2669 1163 2688 ²
1185 2671 1258 2703 The
1277 2670 1391 2703 whole
1411 2670 1451 2703 os
1469 2670 1526 2704 the

447 2718 495 2748 sic
512 2728 532 2749 a
548 2718 800 2749 transeuntibus
820 2718 928 2750 videri
953 2722 1067 2759 posset
1102 2717 1308 2759 paragraph.
1324 2722 1358 2749 ω
1385 2719 1395 2735 ⁴
1414 2717 1608 2751 mur-ndu·
1633 2719 1726 2753 auu

446 2768 478 2795 et
497 2765 655 2804 cognosci
666 2761 690 2802 ς’
708 2764 809 2798 Hem.
825 2766 903 2798 221.
1102 2765 1192 2805 mgis
1208 2761 1366 2806 Λαμίας
1382 2765 1412 2797 in
1426 2764 1510 2797 from
1529 2765 1611 2799 cu.
1622 2765 1675 2799 Π.
