1930 3172
232 817 382 843 mse«.

231 858 278 876 m
288 851 427 881 dot-uod.

231 885 281 909 bul
296 884 387 911 Bm

231 925 355 950 emp-⁴

231 1948 347 1975 Brueo's

230 1982 345 2008 brocha

228 2015 285 2040 aud
296 2015 379 2040 other

229 2048 356 2081 optivo·

230 2088 279 2108 m
292 2084 356 2107 tent

228 2122 261 2147 pr
248 2115 370 2140 :honen

229 2151 258 2173 te
271 2147 397 2174 serviet

227 2184 258 2207 to
270 2182 303 2208 be
316 2180 399 2207 tried.

230 2347 395 2373 Treotmeut

229 2380 260 2405 os
269 2381 318 2405 the
330 2381 411 2407 other

227 2414 363 2446 captives.

454 224 543 267 ⁴10
950 238 1048 271 mc.
1068 238 1265 271 ‘ramim

457 354 548 385 nou
571 340 647 386 die
672 342 770 395 illo,
797 342 879 386 sed
907 342 954 385 in
977 344 1197 395 crastino,
1217 342 1473 387 dimicaret.
1541 342 1736 389 Subtra-

377 402 386 412 '
454 408 593 452 hente
608 421 718 452 vero
741 423 791 452 so
815 409 1024 453 Roberto
1042 422 1146 453 cum
1170 410 1268 453 suis
1288 409 1346 452 ad
1371 410 1573 465 spatium
1595 410 1735 455 unius

453 472 688 527 milliarii,¹
717 483 764 519 et
795 490 845 519 se
884 477 1069 520 relicere
1099 477 1300 528 volente,
1331 472 1735 532 appropinquante

453 540 567 585 bora
607 543 870 599 vespertina
907 542 1182 599 Aymericus
1215 557 1320 586 cum
1364 543 1462 586 suis
1498 542 1735 599 egreditur

452 610 662 661 armatis,
696 616 744 652 et
784 610 940 652 subito
982 611 1312 666 superveniens
1355 610 1526 662 Scotis,
1561 608 1734 654 multo·

452 676 645 729 peremit
675 676 900 728 inermes;
931 676 1006 718 cui
1040 688 1145 719 cum
1176 676 1445 732 aliquandiu
1478 676 1732 728 Robertus,

450 741 684 796 ceterique
713 742 793 797 qui
826 754 878 785 se
908 755 1014 784 cum
1045 742 1283 786 celeritate
1312 747 1623 795 armaverant,
1662 755 1734 786 re·

449 808 696 859 stitissent,
729 807 913 851 tandem
951 808 1313 863 proevalentibus
1335 807 1549 863 Angliois
1570 808 1733 865 fugere

449 878 559 916 sunt
588 874 768 927 coacti;
812 887 929 929 quos
960 875 1197 918 insecutus
1226 888 1331 918 cum
1374 875 1472 918 suis
1506 885 1655 931 usque
1681 875 1733 919 iu

448 940 648 982 insulam
679 940 736 983 de
776 935 992 996 'Kintyn
1017 946 1220 984 castrum
1256 941 1399 993 illius,
1433 946 1607 997 putans
1636 940 1733 986 Bo-

448 1007 629 1049 bertum
660 1020 712 1050 se
742 1007 970 1063 recepisse
1001 1008 1049 1050 iu
1079 1021 1150 1059 eo,
1180 1007 1374 1052 obsedit.
1445 1007 1731 1064 Expuguato

448 1077 604 1116 tamen
625 1079 794 1124 castro,
819 1087 910 1117 non
940 1087 1046 1116 eum
1073 1074 1266 1126 invenit,
1286 1073 1398 1130 quia
1418 1074 1478 1118 ad
1497 1078 1732 1119 extremas

448 1140 651 1194 regionis
676 1140 860 1194 fugerat
883 1140 1086 1193 insulas;
1118 1140 1199 1184 sed
1224 1154 1436 1192 uxorem,
1461 1153 1518 1184 ao
1540 1140 1731 1185 fratrem

446 1218 580 1248 suum
598 1206 853 1261 Nigellutu,
875 1220 979 1249 cum
1001 1206 1106 1249 aliis
1125 1207 1418 1262 quibusdam,
1435 1219 1554 1263 quos
1568 1211 1729 1252 om

447 1285 595 1327 usque
629 1273 915 1316 Berewicum
945 1272 1110 1316 deduci
1135 1273 1256 1316 fecit.
1327 1273 1508 1329 Captus
1539 1278 1614 1317 est
1632 1286 1729 1318 nou

446 1338 594 1381 multo
615 1344 721 1394 post
744 1352 900 1382 comes
921 1340 979 1383 de
1001 1338 1159 1391 Athel,
1183 1340 1263 1395 qui
1284 1339 1341 1382 de
1368 1345 1523 1383 castro
1541 1338 1729 1396 fugerat

446 1405 694 1448 antedicto.
780 1405 919 1448 Circa
960 1406 1127 1448 festum
1160 1406 1207 1448 S.
1233 1405 1480 1449 Michaelis
1514 1418 1729 1451 reversus

445 1477 517 1514 est
539 1471 774 1515 Robertus
805 1485 954 1528 usque
987 1472 1178 1528 Kiutyr,
1199 1477 1247 1515 et
1271 1471 1477 1516 Henrico
1497 1471 1556 1516 de
1576 1471 1729 1531 Perey

446 1538 493 1579 in
537 1539 799 1594 propinquo
837 1538 1082 1582 exsistenti
1119 1539 1464 1595 superveniens,
1502 1538 1731 1595 quosdam

445 1604 503 1647 de
539 1604 715 1647 familia
753 1605 1071 1661 ejusoccidit,
1109 1618 1347 1661 equosque
1381 1605 1644 1649 dextrarios
1680 1610 1730 1650 et

446 1670 540 1713 alia
577 1671 728 1726 spolia
761 1671 909 1714 multa
944 1672 1097 1727 cepit;
1127 1672 1371 1728 ipsumque
1394 1671 1650 1715 Heuricum
1677 1672 1727 1716 iu

446 1743 601 1781 castro
623 1738 713 1781 loci
737 1738 943 1794 ejusdem
967 1738 1166 1790 obsedit,
1187 1751 1428 1794 quousque
1459 1739 1623 1782 robore
1643 1751 1729 1782 ex-

447 1804 619 1847 ercitus
642 1817 673 1847 a
694 1817 805 1859 rege
835 1805 995 1856 misso,
1017 1805 1302 1848 obsidionem
1333 1805 1565 1849 dimittere
1589 1817 1730 1861 coge·

448 1876 593 1913 retur.

518 1936 625 1979 Rex
656 1936 781 1991 apud
802 1933 1110 1979 'Lanercoste
1132 1936 1277 1992 Juxta
1307 1935 1580 1980 Karleolum
1601 1949 1728 1981 com-

448 2014 652 2053 morans,
693 2002 819 2045 misit
861 2003 1147 2046 Berewicum
1188 2002 1485 2059 justitiarios,
1528 2015 1727 2059 quorum

442 2067 621 2124 judicio
654 2068 872 2123 Nigellus
906 2070 963 2112 de
1000 2070 1139 2120 Brus,
1169 2082 1225 2111 ac
1257 2069 1338 2145 qui
1371 2081 1476 2111 cum
1510 2081 1568 2112 eo
1600 2069 1727 2126 capti

450 2134 652 2186 fueraut,
677 2135 815 2179 tracti
844 2141 971 2187 sunt,
991 2141 1040 2179 et
1062 2135 1292 2191 suspensi,
1315 2141 1363 2178 et
1382 2135 1547 2179 ultimo
1572 2134 1728 2180 decol-

449 2200 548 2244 lati.
621 2202 828 2245 Uxorem
862 2216 972 2245 vero
1005 2202 1199 2245 Roberti
1226 2202 1284 2244 de
1316 2202 1438 2245 Brus
1468 2202 1727 2247 transmisit

449 2267 494 2309 in
520 2267 755 2323 Angliam,
779 2269 950 2325 jubens
988 2282 1091 2312 eam
1119 2269 1263 2325 juxta
1285 2274 1459 2312 statum
1493 2281 1630 2313 suum
1650 2267 1727 2313 de-

448 2341 606 2377 center
645 2335 851 2378 tractari.
923 2335 1149 2379 Comitem
1188 2348 1300 2378 vero
1336 2335 1394 2377 de
1434 2334 1593 2387 Atbel,
1623 2335 1725 2392 jam

447 2401 651 2444 secundo
668 2407 830 2444 contra
848 2402 1116 2445 fidelitatem
1138 2414 1270 2445 suam
1291 2400 1389 2456 regi
1408 2401 1724 2454 rebellantem,

448 2467 572 2509 misit
613 2467 908 2520 Londonias;
958 2469 1032 2511 ubi
1069 2467 1128 2511 ad
1167 2473 1349 2523 tempus
1386 2468 1473 2510 sub
1513 2467 1727 2512 custodia

605 2615 693 2648 add·
719 2616 775 2649 the
806 2626 939 2658 maon,
965 2619 1069 2651 ‘nam
1150 2614 1727 2659 ‘ummdbolow,1r.n⁰hu

701 2661 806 2718 ·,)eu
785 2665 853 2696 nim
883 2641 991 2697 sullici
992 2665 1070 2698 ebat
1103 2661 1276 2697 ‘xennia'

906 2713 1002 2744 eret’
1151 2708 1632 2744 ’nin-vudum&-
1645 2712 1724 2745 U.

1108 2753 1697 2799 cae.Re3.mdn·L-ndueeoat.’
