1930 3172
456 218 545 262 w
946 229 1040 261 sio.
1065 224 1262 261 rnivsri

240 342 420 409 Ἄπι-ι·
458 333 602 385 ditur,
638 332 969 388 Rogemmque
997 331 1056 375 de
1086 330 1295 382 Ciiss'ord,
1317 331 1508 375 militem
1533 329 1733 376 nobilun

346 444 382 470 a.
459 405 508 443 et
535 399 780 451 famosum,
816 399 927 442 nihil
952 398 1091 442 ¹clam
1122 399 1451 454 suspicantem,
1482 397 1734 454 proditiose

241 443 365 504 mu-
460 467 509 510 in
541 473 698 510 castro
727 479 813 509 suo
842 466 900 509 de
938 465 1196 509 Hawardin
1233 465 1481 509 Dominica
1507 465 1557 508 in
1594 464 1736 508 ramis

463 533 732 577 Palmarum
758 533 897 588 cepit,
928 533 1247 588 quosdamque
1269 532 1437 575 milites
1463 531 1567 588 ejus
1597 530 1738 575 resis-

460 606 557 644 tere
589 600 798 643 volentes
828 600 1024 642 inermes
1054 599 1237 642 occidit.
1310 598 1491 642 Exinde
1522 610 1737 643 reversus

460 667 519 709 ad
543 667 812 722 principem,
841 666 1037 709 collecto
1058 666 1283 717 exercitu,
1308 679 1401 709 una
1419 678 1525 709 cum
1559 678 1617 709 eo
1638 664 1738 709 Ro-

460 733 679 776 dolanum
718 732 860 782 venit,
890 731 1265 787 obsidionemque
1294 732 1451 788 posuit
1481 732 1606 776 cirea
1633 744 1737 776 cas-

463 806 600 842 trum.
687 798 793 842 Rex
834 798 1107 842 Paschalem
1146 798 1486 842 solemnitatem
1525 811 1582 842 eo
1621 803 1739 843 tem·

463 879 575 922 pore
602 866 649 908 in
677 866 868 908 dioecesi
901 865 1238 908 saresberiensi
1271 865 1422 908 tenuit
1451 865 1575 921 apud
1607 864 1738 909 Divi·

463 946 569 985 sas;
601 932 680 975 ubi
700 946 841 988 super
861 931 947 975 hac
967 928 1298 975 'commotione
1318 932 1578 975 rumoribus
1609 931 1740 975 audi-

465 1002 526 1044 tis
541 1001 686 1057 jussit
717 999 990 1054 congregari
1020 999 1299 1055 quantocius
1321 999 1596 1051 exercitum,
1619 997 1737 1042 mili·

467 1068 579 1111 tiam
603 1079 742 1122 quam
765 1072 877 1110 tunc
904 1067 951 1109 in
982 1071 1195 1122 promptu
1230 1065 1433 1109 babebat
1461 1077 1610 1123 nsque
1643 1065 1739 1111 Ro-

465 1134 685 1177 dolanum
711 1134 1014 1189 praemittens.

249 1213 394 1240 Amunc-
538 1201 647 1256 Ipse
686 1213 797 1243 vero
828 1200 949 1243 clam
986 1200 1362 1243 Ambresburiam
1393 1199 1526 1252 adiit,
1559 1204 1613 1244 ut
1643 1210 1742 1243 ma-

336 1254 359 1272 '
412 1266 419 1272 ’
468 1274 582 1311 trem
620 1280 751 1310 suam
790 1267 1034 1319 salutaret,
1077 1280 1182 1322 quae
1218 1272 1328 1310 tunc
1368 1267 1415 1310 iu
1446 1266 1528 1310 illo
1557 1278 1742 1310 monas-

469 1336 585 1378 terio
605 1335 884 1378 morabatur.
956 1334 1167 1388 Contigit
1190 1340 1344 1377 autem
1366 1334 1476 1376 dum
1501 1332 1567 1377 ibi
1601 1338 1742 1384 esset,

469 1410 522 1445 ut
562 1401 747 1457 quidam
783 1401 841 1444 ad
882 1401 1043 1443 matris
1080 1401 1182 1456 eJus
1217 1401 1511 1456 praesentiam
1547 1398 1743 1444 adduce-

470 1475 612 1518 retur,
634 1468 713 1523 qni
748 1481 831 1524 per
861 1474 1043 1524 tempus
1063 1465 1274 1523 ⁸aliquod
1307 1480 1359 1510 se
1388 1479 1564 1511 caecum
1594 1466 1742 1510 finxe-

472 1541 560 1586 rat,
602 1536 844 1590 visumque
889 1535 975 1577 sibi
1018 1534 1077 1577 ad
1120 1534 1317 1577 Henrici
1352 1533 1587 1590 qnondam
1619 1533 1744 1588 regis

472 1602 699 1645 tumulum
744 1603 1024 1648 restitutum.
1108 1601 1320 1645 Noverat
1361 1601 1482 1644 huno
1526 1613 1612 1644 rex
1654 1598 1745 1644 Ed-

473 1669 675 1720 wardus,
702 1670 761 1712 ab
788 1669 982 1724 antiquo
1003 1668 1193 1711 malitiis
1217 1668 1461 1719 famosum,
1486 1666 1747 1711 fraudibus·

471 1749 563 1792 que
584 1737 644 1779 ab
666 1736 775 1779 olim
797 1741 845 1779 et
867 1734 1119 1778 mendaciis
1138 1741 1392 1779 assuetum.
1463 1733 1611 1778 Matri
1634 1746 1745 1778 vero

474 1803 816 1847 narrationibus
836 1802 938 1858 ejus
968 1802 1214 1857 plurimum
1245 1801 1546 1857 applaudenti
1565 1812 1624 1844 ne
1642 1812 1744 1844 ere-

472 1869 603 1913 deret
636 1868 885 1922 dissnasit;
916 1881 1021 1924 quae
1061 1868 1108 1911 in
1142 1869 1258 1911 iram
1290 1880 1425 1911 versa
1461 1867 1604 1911 filium
1634 1879 1745 1922 gra-

472 1936 660 1979 vissime
695 1935 947 1990 redarguit,
982 1947 1303 1990 cameramque
1342 1947 1476 1977 suam
1517 1946 1745 1977 evacuare

474 2003 706 2058 praecepit.
777 2002 865 2045 Cui
881 1995 1028 2058 justis
1049 2002 1270 2044 maternis
1290 2000 1524 2044 humiliter
1552 2001 1746 2056 parenti,

473 2069 581 2112 dum
612 2069 911 2124 egrederetur
935 2068 1137 2111 occurrit
1169 2068 1293 2123 prior
1324 2067 1623 2123 provincialis
1653 2066 1748 2111 fra·

475 2142 596 2179 trum
640 2136 1020 2187 Praedicatorum,
1056 2134 1201 2178 frater
1241 2134 1388 2190 Hugo
1421 2134 1480 2177 de
1515 2133 1746 2178 Mumen-

477 2204 582 2254 tria,
601 2204 672 2246 vir
693 2215 876 2258 magnae
900 2202 1208 2252 discretionis,
1226 2214 1282 2245 ac
1305 2202 1528 2257 magister
1549 2201 1599 2244 iu
1618 2200 1747 2244 theo-

475 2270 615 2325 logia,
652 2271 732 2325 qui
771 2276 818 2312 et
860 2270 949 2325 ipsi
987 2269 1085 2324 regi
1120 2269 1409 2312 familiariter
1442 2273 1581 2312 notus
1614 2271 1745 2323 eratg

474 2350 610 2392 quem
650 2350 733 2380 rex
765 2336 823 2379 ad
867 2341 1044 2391 partem
1084 2335 1290 2387 trahens,
1321 2334 1544 2379 offensam
1585 2334 1748 2379 matris

474 2403 721 2459 omniaque
758 2415 863 2459 quae
904 2399 1220 2458 ⁴contigerant
1259 2415 1342 2458 per
1380 2401 1586 2446 ordinem
1615 2412 1750 2445 enar-

475 2482 598 2520 rans,
632 2470 831 2513 finaliter
868 2469 955 2513 hoc
986 2469 1188 2526 adJecit:
1227 2469 1389 2525 ‘Ego‚'
1420 2469 1589 2525 inquit,
1618 2467 1746 2526 ‘jus-

475 2537 626 2580 titiam
659 2537 806 2593 patris
830 2538 920 2579 mei
946 2541 1128 2579 tantum
1163 2537 1289 2588 novi,
1320 2535 1444 2592 quod
1468 2535 1624 2591 potius
1642 2533 1749 2578 huic

525 2717 992 2760 '‘fflem;'M.etAr.m.
1107 2718 1114 2797 Ι
1265 2720 1276 2752 i
1302 2730 1323 2751 n

523 2767 537 2786 ³
560 2767 948 2806 ‘couvoestiouemfhh
1173 2765 1186 2785 ⁴
1207 2769 1218 2785 ⁸
1271 2763 1291 2806 ;“
