1930 3172
241 761 272 787 st

273 764 370 787 1111101

240 795 272 820 o!
286 794 371 820 narl-

241 828 374 860 hemoth.

240 1229 308 1255 Lu!
321 1228 440 1255 mundo

242 1270 259 1289 ο
305 1267 324 1288 ι.
337 1262 432 1289 lauh.

450 234 539 279 274
936 248 1033 281 mc.
1063 247 1262 280 τιιινιτι

455 347 765 408 'Eadwigam,
793 353 1022 396 ducissam
1051 353 1276 404 Poloniae,
1300 351 1485 409 viduam
1509 352 1735 398 metite·

427 419 515 482 ‘tis
548 419 783 463 miranda.
859 420 1088 464 Defuncto
1123 433 1246 477 papa
1268 420 1524 470 Clemente,
1547 419 1737 464 vacavit

453 485 586 529 sedes
615 487 750 530 annis
781 487 944 539 tribus,
976 488 1207 531 mensibus
1236 487 1432 538 duobus,
1461 486 1624 530 diebus
1651 485 1734 530 de-

454 565 569 596 cem.
642 553 749 596 Hoc
792 567 916 597 anno
957 567 1040 597 rex
1075 554 1261 609 Angliae
1296 554 1343 597 in
1380 559 1550 597 octava
1581 553 1733 598 meti

458 619 649 663 Martini
681 620 1033 676 parliamentum
1065 622 1213 664 tenuit
1242 620 1364 676 apud
1397 616 1734 675 ’Marlebergm

455 686 502 728 in
545 699 638 742 quo
683 686 741 729 de
778 700 968 730 assensu
1005 688 1225 730 comitum
1270 692 1319 731 et
1352 687 1576 731 baronum
1608 685 1735 731 odit·

455 758 563 794 sunt
583 758 780 804 statuta,
809 766 915 809 qum
941 753 999 796 de
1029 753 1323 809 Marleberge
1347 759 1587 798 vocantur.
1646 752 1736 798 Ni·

455 820 616 861 colans
633 819 691 862 de
713 819 854 875 Hely,
871 819 1226 874 wigorniensis,
1244 820 1509 875 postulatus
1526 825 1574 864 et
1588 825 1736 865 tran·-

456 885 580 928 latus
599 892 672 929 est
695 886 741 929 in
760 882 1049 943 ³episcopum
1072 886 1456 930 wintoniensem.

528 1220 756 1262 SAuc'ws
783 1219 1047 1262 Lodovicns
1071 1220 1353 1262 Francorum
1377 1233 1476 1271 rex,
1494 1233 1585 1263 non
1608 1220 1743 1264 terri·

462 1292 539 1330 tus
566 1287 813 1342 praeteritis
837 1286 1069 1330 laboribus
1093 1292 1139 1329 et
1163 1287 1397 1342 expensis,
1425 1299 1544 1342 quas
1566 1286 1742 1331 fecerat

462 1354 585 1396 ultra
614 1365 757 1403 mare,
788 1354 956 1395 iterato
987 1366 1091 1396 cnm
1114 1349 1246 1396 ‘filiis
1271 1354 1386 1404 suis,
1406 1353 1630 1410 adjuncto
1649 1353 1738 1397 sibi

462 1433 570 1474 rege
592 1419 837 1469 Navarrae,
860 1426 908 1462 et
927 1419 1280 1475 quamplurimis
1302 1419 1599 1464 ecclesiarum
1623 1432 1743 1476 prae-

463 1486 571 1530 latis
623 1491 672 1529 et
728 1486 994 1537 baronibus,
1049 1499 1133 1541 pro
1188 1486 1534 1542 recuperatione
1580 1485 1740 1531 Terre

463 1554 649 1596 Sanctoe
670 1552 759 1595 iter
775 1553 1041 1608 assumpsit.
1112 1551 1287 1595 Verum
1320 1554 1377 1595 ad
1412 1553 1499 1596 hoc
1521 1557 1575 1597 ut
1593 1552 1743 1598 'rem

464 1621 638 1663 Sancta
680 1619 871 1662 facilius-
892 1625 1257 1675 recuperaretur,
1292 1619 1454 1663 incidit
1490 1620 1606 1676 ipsis
1634 1632 1743 1664 con·

465 1687 635 1738 silium,
666 1691 719 1729 ut
750 1699 944 1740 regnum
978 1686 1179 1738 Tunicii,
1215 1686 1339 1742 quod
1375 1687 1423 1729 in
1450 1686 1601 1731 medio
1630 1699 1743 1731 con·

462 1754 633 1797 sistens
662 1766 753 1796 non
786 1766 979 1808 parvum
1003 1753 1145 1796 dabat
1168 1753 1574 1797 transfretantibus
1594 1753 1742 1811 impe-

463 1819 734 1871 dimentum,
782 1819 995 1875 primitus
1047 1818 1416 1863 Christianorum
1461 1819 1744 1876 subjicerent

464 1886 702 1941 potestati.
771 1885 1077 1941 Applicantes
1107 1886 1252 1940 igitur
1290 1886 1338 1928 in
1378 1898 1523 1941 regno
1555 1885 1740 1930 Tunicii

466 1959 667 2007 portum,
704 1957 750 1995 et
786 1951 1134 2007 Carthaginem,
1169 1951 1228 1995 ad
1270 1965 1465 2007 parvum
1505 1951 1740 1996 redactam

464 2020 703 2074 oppidum,
727 2018 871 2075 juxta
900 2018 1166 2070 Tunicium,
1194 2018 1253 2061 de
1282 2018 1408 2062 sacili
1438 2024 1741 2075 occuparunt.

469 2085 575 2128 Hoc
598 2099 737 2135 anno,
767 2091 903 2127 sexto
934 2084 1038 2127 idus
1064 2084 1255 2140 Aprilis,
1285 2085 1587 2129 Eadmundus
1619 2085 1744 2131 filius

467 2153 591 2207 regis
630 2152 767 2195 duxit
808 2164 1001 2194 uxorem
1049 2151 1190 2194 filiam
1232 2151 1455 2195 willelmi
1496 2152 1557 2196 de
1594 2150 1743 2197 Alba-

467 2219 613 2261 marla
635 2217 818 2262 comitis
841 2218 898 2261 de
922 2217 1252 2265 Holdernesse.
1273 2219 1456 2262 nomine
1483 2217 1742 2273 Avelinnm,

466 2298 573 2342 quae
597 2285 730 2328 heres
752 2291 853 2328 erat
877 2291 1082 2340 paternoe
1111 2284 1395 2337 hereditatis,
1417 2292 1466 2329 et
1483 2285 1625 2330 etiam
1647 2298 1748 2331 mn-

468 2357 639 2395 ternae:
673 2352 852 2394 ratione
875 2352 1008 2407 cujus
1030 2353 1250 2394 comitum
1268 2351 1493 2396 Devonioe
1513 2357 1562 2396 et
1579 2351 1743 2397 Vecta

466 2418 631 2461 insulae
650 2418 927 2461 dominicum
948 2418 1100 2461 fuerat
1127 2418 1385 2471 habiturus,
1411 2418 1493 2462 sed
1516 2431 1621 2463 cnm
1645 2424 1747 2464 tota

469 2485 598 2540 prole
640 2491 833 2528 mortem
877 2491 1118 2539 pareutum
1165 2486 1407 2540 praevenit.
1483 2484 1614 2530 Obiit
1655 2485 1745 2530 hoo

468 2565 591 2594 anno
623 2551 860 2594 Walterus
889 2551 946 2594 de
982 2550 1051 2594 La
1083 2550 1224 2602 Ville,
1252 2551 1614 2596 Saresberiensis
1649 2552 1747 2610 epi-

507 2688 527 2745 ‚¹
551 2692 561 2710 ‘
575 2689 815 2733 mevam?
826 2691 901 2725 Ma
923 2690 1092 2726 tanai-
1174 2689 1190 2709 ⁸
1209 2693 1275 2725 i.e.
1290 2689 1585 2735 ‘episcopm-59
1599 2689 1692 2729 ΠΛ.

469 2748 622 2816 ’.ξῗᾏ
638 2784 893 2826 Mun-moronga.
1173 2783 1186 2803 ⁴
1209 2786 1219 2803 ⁴
1230 2785 1309 2817 ειη.
1321 2785 1458 2818 dnobn·
1473 2785 1497 2825 ς·
1511 2785 1564 2820 n.
1577 2788 1614 2820 σε
1626 2785 1691 2821 Ar.
