1930 3172
494 204 583 247 2²ss
976 212 1074 244 nto.
1105 210 1301 243 τιιινκτι

496 317 768 362 Theobaldo
790 317 1036 373 plurimum
1062 314 1339 367 desolatum,
1358 315 1437 370 qui
1467 314 1613 359 statui
1633 320 1770 359 terrm

500 384 745 441 plurimum
798 383 1102 439 compatiens,
1145 394 1249 425 cum
1295 381 1541 424 Saracenis
1580 388 1771 437 treugas

499 451 617 503 iniit,
635 450 930 502 Christianis,
950 450 1030 506 qui
1049 449 1221 505 captivi
1248 448 1539 499 tenebantur,
1556 447 1771 492 omnibus

500 517 720 563 liberatis.
822 518 992 561 Comes
1041 511 1246 559 'Cantiae
1293 514 1551 565 Hubertus,
1591 513 1772 571 judicio

499 591 661 628 contra
692 598 796 627 eum
827 583 1119 639 procedente,
1141 587 1344 638 quatuor
1367 587 1538 631 castra,
1557 579 1774 627 videlieet

501 651 728 694 Biancum
777 657 998 700 castrum,
1054 647 1419 698 Grosmundum,
1468 643 1772 693 ’Chauon-oth

499 724 641 773 atque
668 716 904 768 Hatselde,
927 715 1065 771 regite
1090 714 1393 757 dominationi
1413 713 1599 769 cogitur
1623 714 1771 771 renig-

499 796 624 826 nare.
728 783 888 826 Simon
939 782 997 825 de
1041 780 1351 831 Monte-sorti,
1396 779 1519 823 tilius
1569 779 1771 826 Simonis

498 849 696 900 comitis,
714 849 850 904 quus
868 861 1011 903 supra
1032 847 1223 890 fecimus
1246 846 1541 897 mentionem,
1562 846 1768 902 regium

501 916 741 966 Blancam,
773 914 896 969 regis
931 915 1212 957 Francorum
1242 917 1453 963 matrem,
1486 912 1575 956 sibi
1605 913 1773 958 timens

499 982 739 1032 offensam,
761 982 943 1036 aufugit
958 981 1004 1023 in
1030 980 1267 1035 Angiiam,
1290 978 1367 1022 ubi
1389 978 1594 1033 gratiose
1614 991 1772 1036 recep-

501 1055 576 1093 tus
606 1063 635 1092 a
669 1062 793 1103 rege,
832 1048 1096 1091 Leicestriae
1132 1046 1331 1090 obtinuit
1361 1045 1632 1089 comitatum
1664 1059 1772 1091 cum

499 1115 773 1159 senescallia
795 1114 1005 1169 Angliae;
1045 1120 1093 1157 et
1114 1113 1236 1167 regis
1269 1124 1490 1163 sororem,
1513 1125 1620 1169 qum
1642 1112 1772 1169 prius

500 1183 763 1225 castitatem
812 1181 995 1236 publice
1044 1185 1237 1223 voverat
1276 1179 1324 1222 in
1374 1190 1511 1220 manu
1550 1178 1771 1236 episcopi,

503 1262 693 1292 uxorem
727 1248 920 1303 accepit.
992 1246 1086 1299 Qui
1118 1246 1257 1289 etiam
1293 1250 1456 1300 postea
1489 1245 1774 1290 senueallus

504 1314 749 1358 Vasconiae
781 1314 945 1363 factm,
976 1326 1129 1367 regem
1162 1311 1346 1366 Angliae
1378 1310 1577 1362 induxit.
1608 1317 1662 1356 ut
1681 1317 1775 1356 ter-

501 1395 598 1424 ram
630 1380 920 1432 Basclorum,
944 1380 1078 1435 quus
1112 1383 1255 1433 caput
1281 1384 1353 1421 est
1373 1376 1539 1421 civitas
1566 1373 1774 1423 ’Baiona

500 1454 547 1491 et
579 1448 688 1490 olim
724 1459 915 1502 regnum
952 1446 1119 1496 suerat,
1160 1449 1509 1499 recognosceret
1541 1443 1600 1488 de
1638 1444 1773 1489 feodo

503 1515 625 1568 regis
671 1514 896 1563 Franciae,
939 1519 992 1556 ut
1025 1513 1092 1554 sic
1131 1510 1253 1565 regis
1292 1508 1510 1554 Castellm
1544 1509 1774 1555 actionem

503 1580 788 1630 excluderet,
829 1579 908 1635 qui
947 1584 1118 1622 terram
1161 1577 1288 1620 illam
1328 1576 1399 1630 ad,
1423 1575 1607 1621 feodum
1645 1578 1777 1634 regni

511 1647 751 1702 Hispaniae,
771 1644 970 1688 asseruit
996 1645 1239 1701 pertinere.

1312 1776 1351 1800 U·
1358 1778 1373 1799 A
1380 1776 1517 1801 mlo!
1566 1776 1751 1802 ΑΙῦιῠΙΙΙΙ

474 1993 488 2013 t
575 1965 895 2008 Fssnsmcus
922 1965 1188 2020 imperator,
1226 1965 1488 2022 Romipetis
1510 1979 1687 2022 ponens
1707 1967 1777 2011 in-

504 2031 664 2080 sidias.
721 2032 950 2075 Jacobum
1009 2030 1348 2075 Praenestinum
1400 2033 1669 2089 episcopum
1719 2034 1777 2077 de

510 2095 706 2141 Francia
746 2104 793 2141 et
836 2097 1067 2141 Othonem
1111 2097 1357 2141 diaconum
1398 2098 1681 2147 cardinalem
1718 2099 1777 2144 de

506 2164 681 2218 Anglia
719 2165 776 2207 ad
815 2165 991 2207 curiam
1032 2170 1316 2207 revertentes
1349 2165 1454 2221 capi
1486 2163 1611 2219 fecit,
1642 2170 1691 2210 et
1726 2166 1777 2210 in

504 2231 716 2274 custodia
746 2230 954 2273 detineri.
1025 2229 1282 2285 Gregorius
1314 2244 1452 2287 papa,
1485 2245 1590 2275 cum
1622 2233 1778 2282 eond-

504 2297 613 2340 lium
636 2303 791 2340 tenere
826 2297 1062 2347 voluisset,
1093 2297 1243 2352 captis
1278 2310 1361 2352 per
1389 2297 1597 2342 diversas
1619 2302 1779 2355 parte·

505 2363 710 2418 praelatis
733 2364 792 2406 ab
824 2363 1117 2418 imperatoris
1144 2362 1418 2415 fautoribus,
1442 2377 1471 2407 a
1493 2376 1581 2408 suo
1608 2377 1779 2422 propo-

502 2429 595 2472 sito
629 2430 892 2485 impeditur.
967 2428 1097 2471 Inter
1119 2442 1225 2485 quae
1260 2429 1399 2481 mala,
1431 2430 1490 2473 ad
1519 2435 1777 2475 extremam

504 2494 663 2539 boram
712 2496 917 2546 veniens,
954 2495 1001 2537 in
1045 2495 1246 2539 Domino
1294 2496 1588 2555 obdormivit.
1678 2496 1779 2542 1⁶oe

502 2561 775 2616 Gregorius,
820 2575 925 2604 cum
967 2561 1218 2617 aliquando
1262 2563 1322 2605 ab
1363 2563 1657 2619 imperatore,
1696 2563 1778 2621 qui

544 2688 979 2732 ''Kantia3’Cod.Re3.
1203 2688 1624 2732 ⁸⁰Barona3’ssaetdr·

546 2735 559 2754 ⁸
580 2739 590 2755 ¹
602 2737 776 2771 Senefreth
791 2734 811 2776 ς’
827 2738 877 2770 Μ.
894 2737 999 2771 etAr.
